2749 3516
1376 104 1409 154 6

210 253 382 298 tissima,
444 249 497 289 ab
543 247 835 302 interpretibus
879 250 994 288 varia
1039 250 1200 287 ratione
1244 248 1462 296 illustrata,
1516 249 1708 303 equidem
1747 251 1804 288 ita
1844 249 2096 303 explicanda
2135 262 2300 290 censeo.
2366 249 2450 290 De>
2469 251 2595 291 hemi-

206 325 361 366 choriis
387 338 526 365 sermo
550 331 627 371 est,
654 336 760 376 quae
788 322 1082 376 ἀντιπρόςωποιν
1110 322 1290 375 ἀλλήλοις
1319 331 1429 363 stant
1456 332 1513 372 et,
1540 322 1766 363 scholiasta
1793 322 1847 362 ad
1877 324 2001 377 equit.
2029 325 2111 367 593
2136 332 2258 371 teste,
2280 326 2337 363 it'a
2367 327 2596 378 composita

204 408 339 447 erant,
364 407 411 439 ut
440 396 493 438 ab
522 396 654 438 altera
688 403 806 450 parte
834 395 1034 437 tredecim
1063 394 1117 437 ab
1147 395 1280 437 altera
1309 396 1499 438 undecim
1523 395 1736 438 saltarent.
1791 395 1873 438 Hic
1900 395 2080 439 dubitari
2108 397 2248 452 nequit
2267 397 2367 452 quin
2386 396 2595 453 'cliorag‘us

206 476 314 514 inter
341 472 540 513 tredecim
569 471 665 511 illos
691 471 831 518 fuerit,
858 470 1036 525 ideoque
1064 483 1208 511 eorum
1235 470 1406 512 ordines
1434 470 1486 512 ad
1508 469 1742 525 parab-nim
1771 470 2003 512 faciendam
2031 471 2092 512 ita
2120 484 2343 512 conversos
2371 481 2466 512 esse
2483 470 2594 513 affir-

205 563 321 590 mare
350 547 486 588 nullus
513 545 680 593 dubito,
718 553 762 585 ut
797 544 865 585 hic
896 547 1009 599 prius
1045 546 1243 586 tredecim
1288 546 1649 600 progrederentur,
1688 545 1845 586 ‘deiude
1874 544 1997 586 'illinc
2047 547 2238 587 undecim
2272 560 2347 587 eos
2375 557 2594 601 sequeren-

207 632 286 672 tur,
326 634 471 665 omnes
500 632 603 662 vero
641 621 703 661 sic
740 618 1073 674 disponerentur,
1119 628 1163 661 ut
1198 619 1308 661 idem
1345 623 1471 674 σχῆμα
1505 619 1743 674 τετράγωνοι
1777 617 2006 661 efficerent.
2070 618 2194 669 Quod
2229 620 2289 662 ita
2321 619 2473 663 factum
2495 635 2592 663 esse

206 696 336 738 schol.
374 696 446 738 Ar.
483 708 572 750 pac.
600 694 629 734 l.
657 693 684 733 l.
722 701 917 734 testatur:
957 695 1159 749 ἐστρέφετο
1193 694 1233 737 δὲ
1261 694 1282 737 ὁ
1317 693 1434 750 χορὸς
1469 693 1533 738 καὶ
1567 694 1734 749 ἐγίνοντο
1769 699 1918 750 στοῖχοι
1955 692 2041 749 (sie
2065 707 2142 751 pro
2196 695 2337 752 στίχοι)
2370 695 2417 740 δ’.
2485 693 2590 738 Nam

207 775 285 813 hoc
314 773 406 811 loco
434 771 487 809 de
516 770 649 809 altero
678 769 753 808 illo
782 769 1002 821 parabasis
1036 784 1191 823 genere
1227 783 1460 809 sermonem
1496 782 1605 816 esse,
1633 783 1658 807 e
1686 772 1800 809 vocis
1835 770 2001 821 ἐγίνοντο
2038 771 2207 809 notione
2235 779 2417 823 apparet.
2473 763 2592 810 Haec

206 849 332 901 igitur
361 843 688 899 Hephaestionis
716 840 846 883 verba
873 857 955 883 non
984 843 1036 883 de
1064 845 1172 883 omni
1203 842 1394 896 parabasi
1425 857 1523 882 vera
1550 851 1658 891 suut,
1685 842 1760 882 sed
1791 841 1844 881 de
1873 843 1927 882 iis
1954 850 2124 890 tantum,
2165 841 2236 882 ubi
2273 842 2423 883 chorus
2455 843 2591 897 bipars

206 922 303 961 titus
331 917 564 974 parabasim
594 917 706 959 facit.
763 915 1089 958 Conversionem
1118 916 1230 958 illam
1259 931 1285 957 a
1313 916 1439 957 choro
1470 917 1716 957 commatiou
1756 924 1930 958 canente
1968 915 2118 957 factam
2155 930 2252 958 esse
2279 917 2377 958 iude
2405 927 2590 972 apparet,

206 994 313 1049 quod
342 994 463 1047 primi
493 992 700 1033 commatii
733 1003 876 1032 versus
905 990 1029 1045 vulgo
1058 990 1110 1031 ad
1157 989 1378 1031 histriones
1422 989 1691 1044 diriguntur,
1709 988 1861 1044 quibus
1899 1004 1973 1031 eos
2010 1004 2034 1031 e
2076 1004 2202 1032 scena
2238 990 2486 1033 decedentes
2522 1006 2589 1033 co—

205 1072 415 1116 mitantur,
450 1063 751 1120 posterioribus
782 1078 828 1104 se
867 1066 1042 1104 invicem
1077 1063 1128 1103 ad
1159 1072 1406 1117 anapaestos
1442 1063 1651 1104 canendos
1686 1063 1895 1104 exhortati
1932 1064 1984 1104 ad
2019 1066 2135 1118 ipsos
2171 1073 2424 1119 spectatores
2459 1065 2587 1107 verba

203 1144 373 1182 faciunt.
429 1141 661 1182 Constituta
688 1147 753 1178 est
780 1140 905 1192 igitur
931 1139 1009 1178 hoc
1036 1138 1157 1177 modo
1187 1138 1301 1178 chori
1330 1141 1454 1178 statio
1495 1137 1686 1178 absoluto
1728 1140 1959 1178 commatio.
2029 1137 2185 1179 Contra
2207 1139 2315 1180 banc
2341 1142 2586 1181 sententiam

204 1227 322 1258 erunt
367 1216 558 1262 fortasse,
612 1216 680 1267 qui
726 1212 1224 1265 thesmophoriazusarum
1266 1211 1501 1265 parabasim
1541 1212 1731 1260 aflerant,
1767 1212 1842 1252 sed
1882 1221 2168 1265 praeterquam
2204 1213 2314 1266 quod
2356 1213 2469 1262 haec,
2497 1216 2587 1267 ipsa

204 1304 349 1332 manca
377 1299 454 1338 est,
484 1302 603 1344 quum
634 1295 798 1341 praeter
827 1289 1086 1332 commatico,
1128 1286 1384 1340 antistropha
1413 1295 1454 1327 et
1482 1285 1829 1340 antepirrhemate
1858 1294 2011 1334 careat,
2049 1287 2305 1340 participium
2333 1286 2435 1328 illud
2463 1306 2583 1342 umpa-

202 1369 320 1422 βᾶσαι
358 1374 620 1418 progressum
642 1362 730 1414 jam
759 1360 910 1400 factum
948 1373 1041 1400 esse
1079 1359 1354 1408 demonstran
1395 1369 1436 1401 et
1473 1360 1648 1401 fortasse
1684 1358 1970 1401 Mnesilochus
2011 1360 2214 1414 proximis
2246 1358 2437 1403 versibus
2470 1362 2584 1404 chori

204 1453 466 1495 progressum
496 1437 547 1476 ad
575 1434 810 1488 parabas-im
837 1436 896 1474 ita
925 1437 1153 1481 comitatur,
1190 1445 1232 1474 ut
1268 1435 1377 1489 quod
1418 1435 1488 1475 ille
1527 1436 1579 1474 de
1617 1435 1766 1475 litteris
1796 1434 1962 1474 tabulae
1990 1436 2133 1474 incisis
2162 1434 2261 1474 dicit
2288 1435 2342 1474 de
2376 1435 2584 1478 choreutis

187 1511 484 1568 ¹accipiendum
514 1512 579 1551 sit.
628 1510 669 1550 ‘F
670 1519 829 1550 acetum
856 1523 957 1550 sane
987 1519 1097 1549 esset
1128 1509 1180 1549 de
1209 1509 1405 1550 choreuta
1433 1511 1489 1563 ῥῶ
1520 1510 1693 1551 dictum:

1518 1586 1619 1628 οἴμοι,

1255 1650 1346 1682 τουτὶ
1370 1647 1408 1681 τὸ
1431 1649 1477 1693 ῥῶ
1500 1646 1681 1693 μοχθηρόν

1258 1717 1361 1759 χωρεῖ
1381 1717 1484 1759 χωρεῖ
1506 1715 1604 1747 ποίαν
1632 1711 1780 1754 αὔλακας

202 1785 384 1825 Chorum
426 1796 499 1836 per
537 1784 669 1835 ipsam
702 1780 829 1827 illam,
867 1792 971 1832 quae
1002 1780 1165 1832 proprie
1195 1778 1410 1832 parabasis
1439 1780 1585 1819 dicitur
1621 1788 1777 1833 partem
1816 1781 2032 1821 stationem
2071 1780 2176 1821 hanc
2211 1783 2392 1821 tenuisse
2427 1789 2579 1821 certum

202 1869 280 1907 est,
309 1872 480 1911 eamque
510 1855 563 1897 ob
593 1870 761 1896 causam
789 1855 939 1894 rectius
971 1852 1023 1893 ab
1052 1855 1154 1906 ipsis
1183 1856 1349 1893 comicis
1389 1855 1523 1906 poetis
1560 1856 1774 1907 anapaesti
1813 1854 2013 1900 dicuntur,
2051 1870 2173 1908 quum
2209 1855 2328 1895 finito
2362 1859 2580 1895 commatio

202 1931 417 1987 parabasis
438 1933 529 1984 jam
557 1929 666 1970 facta
695 1930 760 1969 sit.
829 1926 875 1967 Iu
905 1941 1041 1969 macro
1070 1926 1238 1968 chorum
1270 1926 1374 1968 hanc
1402 1928 1622 1968 stationem
1652 1941 1733 1968 uon
1771 1927 1987 1982 reliquisse
2027 1928 2251 1970 verisimile
2280 1938 2357 1977 est,
2394 1929 2468 1969 sed
2499 1929 2580 1970 for-

200 2017 312 2048 tasse
341 2005 419 2047 hoc
447 2003 500 2045 ab
541 2002 734 2044 omnibus
769 2000 975 2042 choreutis
1016 2000 1252 2050 canebatur,
1288 2016 1410 2057 quum
1450 2011 1698 2057 anapaestos
1733 2016 1759 2042 a
1793 2000 1885 2043 solo
1924 2001 2106 2057 chorago
2140 2004 2183 2044 in
2226 2002 2406 2057 thymele
2443 2012 2578 2045 stante

200 2090 386 2123 cantatos
415 2091 510 2120 esse
539 2090 777 2131 persuasum
805 2075 992 2116 habeam.
1048 2076 1224 2130 Strophe
1243 2078 1311 2123 ²¹)
1346 2078 1625 2117 sinistrorsum
1661 2075 1789 2117 flebat
1824 2085 1866 2117 et
1905 2078 1947 2117 in
1976 2092 2027 2117 ea
2055 2076 2170 2117 chori
2199 2076 2367 2118 ordines
2395 2092 2578 2119 nonnun—

200 2169 322 2210 quam
352 2153 511 2196 solutos
539 2152 668 2193 fuisse
697 2165 778 2192 non
808 2158 871 2191 est
900 2164 970 2191 cur
998 2152 1164 2191 omnino
1193 2164 1355 2205 negem,
1387 2165 1506 2206 quum
1537 2165 1562 2191 a
1590 2150 1891 2205 Phrynichi²²)
1919 2159 2103 2205 tempore
2130 2152 2227 2192 iude
2266 2151 2381 2193 chori
2410 2153 2577 2194 ordines

199 2232 380 2285 saepius,
408 2242 528 2284 quam
558 2236 678 2268 antea
706 2226 855 2267 factum
885 2235 972 2266 erat
1002 2225 1158 2267 solutos
1187 2240 1280 2267 esse
1309 2227 1436 2268 schol.
1475 2226 1683 2281 Aristoph.
1719 2241 1809 2268 ran·
1848 2228 1931 2272 700
1967 2235 2152 2276 testetur,
2193 2227 2268 2268 sed
2299 2241 2351 2269 ea
2386 2227 2577 2270 absoluta

199 2306 349 2347 chorus
378 2303 430 2344 ad
460 2305 635 2356 priorem
665 2303 883 2342 stationem
910 2296 1207 2350 revertebatur,
1234 2301 1374 2356 ibique
1404 2301 1607 2357 choragus
1648 2301 1881 2356 epiri-hema
1918 2300 2095 2349 dicebat,
2132 2301 2283 2343 deinde
2318 2303 2574 2359 antistropha

199 2381 461 2420 dextrorsum
492 2376 615 2417 fiebat
644 2385 684 2416 et
712 2375 1028 2428 antepirrhema‚
1057 2376 1199 2416 ultima
1222 2375 1439 2429 parabasis
1467 2391 1576 2430 pars,
1600 2378 1641 2416 in
1671 2385 1986 2430 anapaestorum
2015 2379 2194 2417 statione
2223 2377 2573 2430 pronuntiabatur,

198 2469 291 2495 nam
321 2467 402 2494 uon
432 2460 650 2503 cantatum-
665 2464 758 2491 esse
787 2451 1032 2503 epinhema,
1061 2465 1181 2505 quium
1211 2465 1265 2491 ex
1297 2454 1389 2504 ejus
1416 2452 1576 2505 origine
1615 2460 1656 2490 et
1684 2455 1831 2491 natura
1868 2459 1978 2492 recte
2014 2452 2244 2504 conjicitur,
2276 2459 2359 2492 tum
2397 2451 2573 2494 Pollucis

197 2529 223 2568 l.
253 2528 280 2568 l.
311 2526 449 2567 verbis
478 2525 733 2580 perspicuum
774 2534 856 2564 est:
895 2528 941 2577 τῇ
979 2523 1198 2578 δὲ·στροφῇ
1226 2526 1264 2566 ἐν
1292 2524 1431 2572 κώλοις
1455 2526 1698 2578 προασθείσῃ
1727 2523 1773 2567 τὸ
1802 2525 1991 2579 ἔπίῤῥιχμα
2020 2526 2059 2567 ἐν
2085 2525 2355 2579 τετραμέτροις
2381 2527 2572 2581 ἐπάγεται.

195 2595 315 2646 Quae
342 2597 451 2636 euim
477 2608 502 2635 a
529 2594 794 2649 grammatico
832 2593 1019 2648 quodam,
1057 2593 1226 2635 chorum
1267 2595 1310 2635 in
1346 2592 1542 2648 parabasi
1579 2595 1733 2648 septies
1755 2592 1827 2649 ²³)
1864 2593 1916 2635 ad
1946 2603 2102 2649 septem
2132 2593 2282 2635 theatri
2310 2604 2448 2649 partes
2478 2610 2572 2638 con-

242 2747 299 2786 Ἡ)
323 2746 436 2778 Schot.
461 2747 537 2776 nub.
565 2746 645 2777 563:
668 2743 764 2776 τοῦτο
789 2740 854 2786 ᾠδὴ
879 2745 934 2776 καὶ
967 2742 1092 2788 στροφὴ
1125 2740 1333 2787 ὀνομάζεται,
1367 2741 1424 2776 διὰ
1446 2741 1484 2776 τὸ
1511 2740 1657 2787 στροφήν
1688 2755 1761 2775 τινα
1783 2747 1960 2776 ποιεῖσθαι
1989 2741 2048 2776 τὸν
2069 2742 2173 2788 χορὸν
2203 2739 2270 2776 ἀπὸ
2296 2744 2355 2777 τοῦ
2386 2744 2468 2789 πρὸς
2497 2759 2572 2782 τους

302 2809 436 2846 θεατάς
460 2806 552 2850 ᾅδειν
570 2809 628 2840 καί
649 2804 731 2852 ορᾷν
755 2808 800 2845 εἰς
823 2807 930 2853 ἓτερον
954 2803 1134 2853 ἀφορῶντα
1156 2811 1268 2854 μέρος.
1300 2810 1473 2851 (proxima
1496 2810 1600 2840 verba
1623 2813 1701 2840 sunt
1725 2809 1915 2851 corrupta.)

188 2899 193 2903 ·
238 2888 295 2928 ²¹)
322 2887 413 2922 Τινὲς
435 2884 471 2917 δὲ
492 2883 607 2916 τοῦτον
625 2884 881 2924 (Phrynichum)
904 2882 1045 2926 κωμικὸν
1066 2883 1202 2927 ποιητὴν
1223 2886 1380 2927 λέγουσιν,
1403 2880 1442 2921 ὅς
1464 2885 1647 2926 πινομένους
1667 2881 1743 2919 τοὺς
1763 2881 1888 2927 χοροὶ-ς
1908 2883 2012 2927 εὶςῆνε
2038 2884 2094 2916 καὶ
2115 2885 2328 2926 παλαίοντας.

238 2953 294 2995 u)
319 2951 493 2990 Aristoph.
518 2951 578 2981 vit.
595 2950 646 2981 ed.
661 2950 788 2981 Kfister
816 2950 837 2980 l.
856 2950 898 2980 1.:
923 2943 1173 2991 ἆνιιχοροὼντον
1195 2950 1230 2981 δὲ
1252 2948 1317 2981 τῶν
1333 2944 1518 2993 ὑποκριτῶν
1536 2944 1668 2985 {munte
1691 2949 1864 2993 ἐστρέφετο
1885 2944 1905 2980 ὃ
1927 2946 2041 2992 χορὸς,
2065 2951 2236 2993 προσέχων
2257 2946 2309 2993 ἐφ’
2328 2946 2466 2995 ἑκάτερα
2487 2954 2567 2995 μέρη

298 3015 358 3048 τοῖ’
382 3010 541 3058 θεάτρου.
