2749 3516
1330 123 1397 175 16

164 270 346 333 reliquis·
364 272 605 315 comoediae
633 270 833 326 partibus,
864 271 938 311 sed
969 270 1048 311 hoc
1082 283 1369 325 nonnunquam
1399 269 1492 311 fieri
1515 270 1575 310 'de
1604 272 1740 311 avium
1770 270 1963 324 parabasi
1993 277 2167 317 constat,
2196 269 2559 325 neque-alimum

160 356 381 406 'suppetunt
396 346 605 402 exempla,
634 346 704 387 ubi
721 346 935 400 parabasis
949 346 1048 386 cu‘m
1067 346 1118 385 iis
1134 358 1241 399 quae
1257 346 1510 399 praecedant
1535 343 1683 385 melius
1703 345 1941 394 manen-t,
1968 358 2090 401 quam
2111 345 2301 401 reliquasv
2311 345 2560 387 dno-dhe

161 433 301 481 partes
329 427 437 466 inter
464 437 511 464 se
540 424 784 475 conjunctae
813 430 945 462 sunt-v·
976 419 1059 460 Sed
1091 429 1134 460 ut
1162 433 1309 461 omnes
1336 420 1594 462 comoediae<
1616 428 1758 473 partes
1793 423 2040 475 praesertim
2075 422 2212 462 ironia
2234 419 2327 468 iun,
2358 421 2432 473 ⁸⁷)
2450 429 2561 474 qnae

162 504 204 543 in
234 499 425 542 omnibns
452 498 599 539 eadem
629 499 846 550 reperitur,
887 498 1162 544 continentur,
1208 496 1269 536 sic
1292 497 1385 550 ipsa
1416 494 1631 550 parabasis
1660 494 1807 535 eodem
1846 494 2131 537 vinculo-eura
2157 497 2211 536 iis
2237 496 2561 548 maicone-est·

162 572 285 627 Quae
312 577 421 616 enim
450 583 528 622 est,
555 581 599 613 ut
632 574 693 612 ita
722 572 871 619 dicam,
903 572 1041 610 unitas
1069 573 1113 610 in
1143 571 1280 610 avium
1310 571 1465 618 fabula,
1491 584 1598 624 quae
1626 572 1668 610 in
1688 571 1970 623 expositione,
1996 585 2104 625 quae
2125 573 2168 611 ia
2189 570 2562 624 singulam-*par—

161 656 263 695 tium
292 649 428 693 nexu?
456 649 527 690 ubi
556 656 620 689 est
649 645 856 688 vinculum
883 659 966 700 quo
995 648 1313 702 conjungantur,
1341 647 1422 688 nisi
1449 645 1596 687 eadem
1624 644 1697 687 illa
1722 647 2024 700 ironia-quem
2050 645 2562 688 totius'eomoediaener·

160 744 256 772 vum
285 740 380 769 esse
410 722 627 767 diximus?
679 721 753 763 Sin
784 721 888 762 baec
923 730 987 762 est
1014 722 1151 763 ethica
1178 721 1252 762 illa
1291 721 1496 772 Kolsteri‚
1526 722 1578 763 de
1605 734 1687 777 qua
1723 734 1849 776 supra
1884 721 2009 762 locuti
2038 734 2195 770 sumus,
2231 724 2382 772 notio,·
2405 730 2559 776 sponte

160 820 250 847 cum
276 817 328 843 eo
357 802 659 845 consentimus;
687 801 722 838 si
752 797 877 837 modo
913 797 955 837 id
985 797 1108 838 nobis
1141 798 1353 845 concedat,
1384 797 1558 838 eandem
1587 810 1668 838 non
1698 797 1829 838 solum
1859 796 2191 850 adparabanim,
2229 797 2305 839 sed
2333 798 2388 839 ad
2407 810 2561 844 omues

160 880 402 923 comoediae
429 884 585 930 partes,
609 875 706 929 quin
738 875 864 914 etiam
892 872 945 914 ad
974 871 1161 928 singulas
1179 875 1409 915 sententias
1424 875 1593 929 ipsaque
1624 871 1751 919 verba
1781 874 2073 927 pertinere-⁸⁸)
2110 872 2333 921 Praeterea
2359 871 2561 921 boccon-

160 953 389 998 cedendmn
419 960 497 1000 est,
533 947 769 1005 parabasim
797 949 841 989 in
870 948 1067 989 universa
1094 947 1260 1003 quidem
1289 947 1385 989 idea
1414 948 1487 990 illa
1524 949 1696 995 versari,
1733 949 1774 989 in
1803 961 1883 1003 qua
1911 956 1996 990 tota
2021 947 2237 990 comoedia
2262 949 2380 1003 quasi
2409 949 2452 989 in
2474 961 2561 989 car—

160 1030 257 1071 dine
279 1026 458 1084 quodam
497 1013 860 1070 rerumversatur,
882 1034 1003 1077 quam
1033 1021 1087 1062 ob
1117 1035 1284 1063 causam
1306 1023 1475 1064 nubium
1504 1023 1722 1078 parabasis
1750 1023 1801 1063 ad
1832 1022 2149 1077 philosophiam,
2177 1023 2357 1078 equitum
2374 1023 2427 1063 ad
2448 1022 2561 1076 jndi-

160 1120 244 1153 ces,
281 1105 419 1144 avium
449 1101 498 1141 ad
531 1098 827 1154 rempublicam
857 1098 1100 1150 praesertim
1130 1107 1302 1150 spectat.
1641 1096 1645 1101 ’

268 1178 335 1220 De
367 1175 585 1231 parabasis
624 1172 859 1228 primordiis
897 1171 1235 1225 disputationem,
1283 1186 1390 1227 quae
1418 1186 1509 1213 cnm
1545 1175 1677 1227 ipsius
1705 1173 1946 1214 comoediae
1985 1174 2147 1228 origine
2190 1174 2437 1220 arctissime,
2464 1187 2560 1213 con-

153 1260 299 1313 juncta
320 1261 399 1303 est,
426 1265 508 1306 quo
541 1251 676 1290 minus
706 1247 936 1288 accuratius
966 1254 1263 1301 pertractemus
1291 1246 1414 1294 fines,
1442 1249 1511 1303 qui
1540 1247 1637 1289 huic
1663 1247 2036 1302 disputatiunculae
2064 1249 2251 1290 concessi
2274 1256 2382 1295 sunt,
2430 1252 2560 1301 impe-

160 1334 290 1380 diunt,
319 1342 440 1385 quam
469 1325 523 1369 ob
552 1340 654 1370 rem.
682 1337 788 1378 quae
820 1321 996 1377 singulis
1028 1331 1211 1364 veterum
1241 1324 1486 1379 scriptorum
1515 1324 1764 1365 testimoniis
1792 1326 2040 1379 comparatis
2083 1333 2197 1366 certa
2232 1323 2299 1365 vel
2328 1322 2559 1379 probabilia

159 1407 299 1448 doceri
328 1417 453 1459 posse
482 1401 732 1443 viderentur,
759 1399 965 1437 succincte
992 1411 1238 1452 proponere,
1268 1411 1387 1454 quam
1416 1398 1617 1453 impedita
1645 1399 1903 1454 singularum
1921 1414 2058 1441 rerum
2087 1401 2350 1441 enarratione
2380 1401 2558 1441 virorum

160 1484 371 1524 doctorum
400 1477 581 1519 taedium
608 1487 779 1515 movere
807 1472 1040 1513 maluimus.
1094 1472 1143 1513 In
1180 1487 1232 1513 eo
1268 1481 1405 1514 autem
1434 1487 1461 1514 a
1492 1473 1725 1530 plerisque,
1746 1475 1815 1530 qui
1853 1474 1906 1514 de
1935 1474 2178 1515 comoediae
2204 1474 2559 1529 primordisapud

159 1559 345 1601 Graecos
380 1553 707 1609 disputaverunt,
735 1557 945 1604 peccatum
974 1561 1068 1590 esse
1096 1550 1288 1603 putarim,
1330 1549 1441 1605 quod
1478 1562 1560 1592 non
1603 1551 1707 1592 satis
1741 1557 1931 1591 accurate
1966 1548 2089 1591 ludos
2124 1550 2315 1592 scenicos
2347 1551 2561 1592 examina·

159 1640 320 1680 verunt,
347 1627 493 1684 quales
520 1626 690 1673 fuerint,
720 1636 923 1679 quaenam
951 1625 1005 1662 sit
1034 1624 1208 1664 interior
1243 1637 1386 1664 eorum
1415 1638 1521 1680 quae
1551 1624 1703 1665 dicitur
1727 1612 1886 1672 forma,
1915 1631 1958 1664 et
1986 1622 2200 1679 quomodo·
2223 1620 2560 1678 excultas-etim-

158 1717 313 1751 mutata
340 1707 408 1746 sit.
463 1699 520 1742 Ut
546 1701 657 1740 enim
685 1699 914 1753 perspectis
936 1700 997 1738 rei
1026 1700 1305 1754 cujuscunque
1333 1713 1459 1740 causa
1486 1708 1529 1740 et
1555 1699 1719 1754 origine
1750 1700 1846 1753 ejus
1873 1700 1938 1740 vis
1965 1708 2007 1740 et
2033 1707 2179 1741 natura
2205 1698 2355 1741 melius
2381 1698 2558 1755 intelligi

159 1792 308 1838 potest,
345 1782 407 1820 sic
434 1778 602 1831 cognita
630 1777 723 1827 ejus
748 1784 894 1814 natura
922 1782 962 1814 et
994 1776 1154 1815 ratione
1182 1775 1320 1815 fontes
1348 1789 1524 1829 quoque,
1553 1790 1578 1815 e
1606 1774 1756 1829 quibus
1782 1776 1980 1824 manavit,
2006 1773 2157 1816 melius
2184 1782 2358 1828 possunt
2384 1766 2558 1830 reperiri

159 1869 201 1900 et
228 1856 391 1910 exquiri
415 1850 661 1894 accuratius.
716 1847 824 1890 Nam
842 1847 936 1903 quid
966 1856 1030 1890 est
1058 1862 1130 1890 cur
1150 1849 1333 1904 origines
1361 1863 1499 1890 rerum
1527 1857 1746 1900 sectemur,
1775 1850 1857 1891 nisi
1884 1849 2068 1905 origines
2095 1849 2159 1890 rei
2185 1856 2388 1900 naturam,
2413 1848 2560 1893 natura

159 1932 346 1983 origines
373 1923 578 1971 illustrati
601 1923 673 1981 ¹³¹³)
730 1922 777 1965 ln
807 1922 884 1965 hac
912 1922 965 1965 de
992 1922 1210 1979 parabasis
1238 1924 1400 1981 origine
1428 1923 1707 1980 disputatione
1734 1923 1788 1965 ab
1816 1922 2058 1974 Aristotele,
2084 1922 2410 1979 locupletissimo
2438 1930 2558 1975 teste,

158 2003 322 2051 initium
350 2002 587 2046 faciendum
616 2009 702 2048 est,
730 2000 798 2054 qui
827 2000 995 2059 disertis
1032 1999 1173 2040 verbis
1209 2000 1357 2049 tradit,
1394 2000 1652 2040 comoediam
1681 2014 1915 2055 quanquam
1944 2001 2037 2054 ejus
2065 1999 2291 2053 primordia
2318 1990 2559 2043 obscuriora

158 2091 312 2130 essent,
339 2093 460 2136 quam
475 2076 723 2133 tragoediae
748 2074 1005 2130 aliorumque
1035 2076 1175 2129 poesis
1195 2089 1410 2130 generum,
1440 2089 1464 2116 e
1493 2074 1684 2129 phallicis
1712 2061 1932 2116 cantilenis
1953 2075 2158 2129 originem
2184 2075 2371 2117 duxisse.
2426 2069 2559 2119 Cane-

159 2161 306 2201 bantur
332 2154 513 2211 phallica
546 2154 617 2199 ⁶⁰)
656 2152 838 2191 carmina
868 2151 911 2191 in
940 2150 1120 2191 solle‘nni
1149 2164 1299 2204 pompa
1327 2149 1380 2190 ad
1407 2149 1585 2204 Dionysi
1615 2149 1830 2197 honorem,
1866 2150 1934 2190 dei
1960 2149 2119 2191 -laudes
2156 2164 2238 2191 non
2267 2151 2359 2192 sine
2387 2150 2558 2194 lascivia

160 2235 450 2284 hominumque
479 2229 747 2282 impotentem
770 2224 1039 2267 continebant
1068 2223 1388 2266 vellicationem.
1442 2222 1563 2273 Quae
1580 2225 1705 2266 inierit
1733 2223 2004 2278 phallicorum
2035 2225 2260 2267 carminum
2283 2224 2460 2269 lascivia
2488 2240 2548 2268 ex

160 2305 486 2352 Acharnensium
521 2301 590 2357 ⁶¹)
630 2300 736 2350 loco,
773 2302 1023 2356 comparatis
1063 2300 1306 2356 posterioris
1342 2300 1538 2355 temporis
1581 2297 1823 2353 ithyphallis
1862 2307 1904 2339 et
1932 2297 2217 2355 phallopboris
2255 2309 2441 2355 apparet,
2487 2305 2555 2356 qui

180 2606 186 2611 ⁹
208 2566 262 2605 ⁵⁷)
288 2565 461 2603 Ari-toph.
485 2572 539 2594 ιν.
563 2563 640 2601 301,
666 2564 730 2592 444
756 2566 819 2592 ete.

199 2631 253 2668 ⁵‘³)
277 2630 416 2662 Pollux.
443 2629 504 2658 lv.
528 2628 592 2658 ln.

208 2697 261 2735 ⁵⁹)
290 2693 438 2726 Schoell.
462 2693 503 2726 de
526 2702 612 2724 com.
636 2692 695 2722 Gr.
717 2689 877 2730 primord.

205 2762 263 2801 Μ’)
292 2761 343 2790 De
367 2758 524 2799 phallicis
547 2759 648 2788 rebus
673 2757 826 2795 Dionyso
857 2757 978 2792 sacris,
1016 2756 1058 2786 cf.
1085 2755 1224 2785 Lucisn-
1258 2754 1300 2784 de
1324 2753 1386 2784 dea
1408 2754 1506 2792 Syria
1532 2755 1619 2793 apud
1640 2754 1747 2784 schol.
1774 2754 1948 2792 Aristoph.
1972 2754 2052 2784 nub.
2077 2754 2129 2785 ¹11:
2158 2751 2315 2791 Φάλλοὺς
2329 2745 2487 2797 Ἐλλψρς
2505 2755 2554 2796 uf»

273 2819 423 2866 Διωνύσῳ
447 2822 627 2867 ἐγείρουσιν
649 2825 715 2854 etc.
741 2825 843 2862 etym.
865 2830 909 2852 m.
934 2830 967 2852 v.
990 2819 1174 2864 φαλαίκος;
1199 2818 1364 2862 φαλαίκοι·
1382 2819 1509 2862 ποίημα
1533 2816 1749 2859 αὐτοσχέδιον
1771 2818 1824 2848 ἐπὶ
1844 2816 1891 2859 τῷ
1915 2815 2032 2862 φαλλῷ
2053 2813 2225 2860 ᾆδόμὲνον.
2245 2813 2365 2851 ·8ο1ἰοἸ.·
2378 2820 2552 2860 Aristoph.

270 2894 348 2933 261,
374 2890 429 2922 ubi
457 2898 519 2929 pro
542 2884 667 2931 καρπὸν
690 2888 870 2928 legendum
895 2891 947 2917 est
972 2880 1068 2917 θεόν.
1093 2886 1217 2916 Athen.
1240 2885 1333 2914 xlv.
1358 2886 1422 2914 622
1444 2893 1477 2925 a,
1503 2894 1573 2922 seq.
1597 2889 1631 2914 et
1659 2886 1712 2914 Vl.
1742 2886 1816 2914 25³.
1840 2885 1871 2914 d.
2276 2879 2279 2881 ’
2365 2880 2370 2882 '
2395 2880 2399 2883 “

207 2958 263 2997 ⁶¹)
288 2941 468 2994 Aristoph.
492 2955 640 2985 Acheru.
665 2956 740 2983 259.
788 2954 862 2983 Hoc
880 2953 983 2982 etiam
1008 2952 1084 2982 loeo
1108 2953 1248 2989 apparet
1274 2949 1308 2979 in
1332 2958 1452 2988 pompa
1474 2953 1646 2980 cantatum
1679 2958 1756 2980 esse
1781 2948 1964 2988 phallicum
1987 2957 2138 2988 carmen,
2164 2948 2262 2987 cujus
2284 2953 2401 2982 certus
2427 2951 2511 2982 ordo
2533 2960 2553 2982 a

270 3020 470 3060 Dicaeopoli
493 3019 737 3056 constituitur,
780 3017 889 3059 prima
912 3016 1011 3058 virgo
1042 3009 1238 3060 κανηφορός,
1271 3023 1344 3046 eam
1369 3013 1539 3046 Xanthia·
1575 3023 1695 3045 serv-us
1727 3013 1876 3053 phallum
1916 3021 2041 3054 gerens
2083 3012 2252 3055 sequitur,
2299 3012 2374 3054 ipse
2407 3014 2555 3054 denique

268 3087 508 3126 Dicaeopoli13
533 3091 567 3117 et
592 3095 634 3116 ne
658 3084 708 3116 rei
734 3089 945 3124 spectatores
969 3063 1095 3116 desint]
1122 3081 1355 3111 mulien-utam
1381 3081 1416 3111 in
1449 3081 1567 3111 domus
1590 3084 1717 3110 tectum
1745 3080 1931 3110 ascendere
1951 3079 2061 3117 jubet,
2089 3080 2178 3109 unde
2199 3078 2380 3118 phallicam
2400 3089 2552 3119 pompam
