2749 3516
1364 126 1403 183 8

180 296 275 322 nem
306 292 344 331 p·
374 280 465 321 101.
496 275 738 326 Φεραράτης
758 278 978 325 Κοριαννοῖ·
1021 272 1201 313 Mettum
1230 281 1293 312 est
1324 272 1601 326 Φερεκράτης),
1621 273 1690 321 ²⁸)
1719 273 1997 325 ὅφθημιμερίς,
2022 301 2048 307 -
2077 299 2105 306 -
2136 284 2143 311 ι
2177 296 2205 304 -
2246 295 2279 318 u
2317 296 2350 319 υ
2382 296 2412 303 -
2456 302 2485 310 -
2512 288 2565 314 -;

1120 364 1254 412 Ἄνδρες
1274 365 1453 413 πρόςσχετε
1472 363 1529 399 τὸν
1549 365 1624 398 νοῦν

1126 427 1320 477 ἐξευρήματι
1346 430 1447 474 ηανξ·

1121 491 1338 538 mma-russone
1359 490 1586 532 ἀναπαίστοις.

287 589 371 632 Sed
407 587 513 628 haec
549 583 700 623 divisio
738 584 779 622 in
818 583 999 636 equitum
1028 588 1070 621 et
1110 594 1324 634 vesparum
1363 581 1580 621 commatio
1608 593 1730 634 quam
1759 581 1942 621 maxime
1970 591 2152 635 apparet.
2206 583 2396 638 Equitum
2424 585 2567 638 incipit

181 668 235 708 ab
273 661 510 717 anapaestis
537 664 763 711 sequuntur
793 654 1026 710 logaoedici
1056 653 1263 707 dactylici,
1317 654 1503 696 clausula
1530 662 1595 695 est
1622 654 1798 695 dimeter
1826 657 2115 708 anapaesticus
2144 656 2278 706 catal„
2309 657 2442 699 altera
2470 672 2566 712 pars

180 738 418 794 anapaestis
445 732 497 775 ad
518 733 699 787 priorem
727 731 971 778 annectitur,
1025 726 1211 770 clausula
1239 737 1304 770 est
1331 728 1506 770 dimeter
1532 726 1775 771 trochaicus.
1796 726 1867 781 ²⁸)
1918 726 1968 770 In
1996 742 2216 783 vesparum
2244 732 2465 773 commotio
2490 733 2567 774 ini·

179 817 281 856 tium
309 810 356 853 fit
375 823 416 850 a
410 803 687 853 choriambis,
716 811 758 843 et
785 804 918 857 primo
938 815 1059 843 versu
1087 801 1332 856 προπεμπικὴ
1358 801 1433 843 illa
1460 801 1613 871 finitur,
1640 808 1864 856 sequuntur
1888 803 2118 887 anapaesti,
2139 801 2351 856 ,iambicus
2367 806 2566 854 trimeter,

181 886 374 943 dipodiae
402 880 654 927 trochaicae,
682 876 866 918 clausula
893 883 958 916 est
985 875 1160 916 dimeter
1187 875 1434 916 trochaicus.
1467 878 1535 926 ⁸⁰)

286 957 335 998 In
364 954 553 997 omnibus
581 954 707 1007 igitur
735 950 800 991 his
828 951 1059 990 commntiis
1088 949 1316 1004 ἐμβατήριοι*
1344 958 1519 990 metrum
1546 948 1789 1002 praevalere
1817 959 2002 1004 apparet,
2029 964 2109 1005 quo
2136 949 2194 1000 id,
2222 949 2330 1005 quod
2360 964 2484 1003 supra
2511 951 2565 991 de

180 1034 296 1078 chori
323 1031 502 1074 statione
530 1034 571 1069 et
600 1025 871 1067 conversione
898 1020 1125 1073 docuimus,
1160 1022 1311 1064 mirum
1337 1023 1380 1063 in
1417 1021 1582 1064 modum
1617 1021 1816 1064 firmatur.
1897 1022 1964 1064 De
2002 1022 2180 1065 saltandi
2214 1037 2395 1080 genere,
2443 1038 2566 1080 quum

180 1118 344 1152 veteres
371 1107 621 1158 interpretes
649 1107 691 1141 et
718 1099 938 1154 scriptores
976 1097 1044 1151 qui
1065 1095 1180 1138 ‘hanc
1222 1111 1310 1138 rem
1341 1099 1566 1153 attigerunt
1593 1110 1737 1139 omnes
1766 1105 1944 1149 taceant,
1976 1098 2079 1140 nihil
2107 1101 2208 1140 certi
2236 1097 2452 1149 efficietur,
2489 1099 2566 1141 hoc

227 1312 284 1348 ss)
308 1310 419 1348 Vulgo
451 1301 626 1349 πρόσχετε.
682 1304 736 1334 Ex
761 1302 948 1334 Hermanni
979 1302 1176 1340 conjectura
1202 1302 1318 1342 (elem.
1341 1302 1489 1334 doctrin.
1520 1305 1620 1334 metr.
1656 1312 1687 1341 p.
1720 1302 1801 1342 ⁶03)
1826 1296 2019 1345 πρόςσχηε.
2073 1303 2124 1334 De
2155 1312 2222 1341 qus
2253 1312 2343 1335 nova
2366 1304 2565 1336 inventione

289 1374 347 1405 hic
370 1374 529 1411 loquatur
551 1370 786 1408 Pherecrates,
811 1376 913 1406 quum
936 1367 1031 1397 nulla
1050 1367 1118 1399 alia
1144 1366 1245 1405 hujus
1267 1365 1442 1405 parabasis
1465 1373 1544 1404 pars
1568 1367 1610 1397 ad
1633 1376 1697 1398 nos
1721 1367 1933 1407 pervenerit,
1970 1375 2040 1398 non
2064 1370 2211 1398 constat.
2257 1368 2354 1406 Apud
2379 1368 2564 1399 Pherecra-

292 1442 361 1469 tem
385 1437 420 1467 in
448 1433 629 1466 commatio
652 1441 787 1463 versum
811 1432 1072 1461 Pherecrateum
1096 1440 1165 1461 non
1190 1430 1367 1461 insolitum
1390 1433 1425 1460 et
1443 1430 1634 1460 inauditum
1658 1430 1765 1461 fnisse
1788 1434 1917 1470 putem,
1951 1431 2085 1461 etiamsi
2109 1431 2320 1469 Hephaestio
2345 1432 2449 1462 aliter
2472 1432 2564 1469 judi·

290 1494 386 1534 casse
410 1500 557 1539 videtur,
586 1506 649 1528 nec
672 1496 779 1536 magis
803 1496 914 1535 placet
939 1495 1125 1525 Hermanni
1159 1495 1290 1535 opinio,
1327 1503 1427 1533 quam
1459 1494 1597 1525 Pindari
1631 1494 1836 1525 scholiastae
1868 1495 1946 1525 loco
1976 1495 2121 1533 probare
2154 1495 2283 1535 studet,
2318 1505 2443 1527 novum
2476 1498 2566 1536 quod

286 1569 350 1598 hoc
372 1568 448 1597 loco
471 1565 694 1594 Pherecrates
718 1560 964 1599 praedicaverit
988 1560 1164 1590 inventum
1188 1560 1392 1598 spondiacos
1413 1562 1617 1597 anapaestos
1643 1568 1731 1590 esse.
1787 1559 1950 1590 Fortasse
1982 1553 2180 1599 cumcuma
2211 1553 2415 1591 ασάπαιστοο
2447 1561 2500 1591 illi
2524 1563 2566 1592 de

293 1630 368 1670 ipso
391 1629 617 1660 Pherecrateo
641 1628 751 1657 metro
774 1623 952 1655 dicuutur:
982 1622 1068 1664 ψ’-υ
1096 1639 1124 1647 -
1161 1639 1236 1663 μυ
1267 1621 1349 1662 ,ΝΞ-ἓ,
1378 1621 1457 1663 δῦ·
1481 1638 1523 1663 -,
1549 1625 1583 1655 et
1602 1625 1697 1655 recte
1719 1622 1880 1654 dicuntur
1902 1622 2109 1663 complicati,
2135 1631 2239 1662 quum
2268 1623 2326 1655 vix
2348 1624 2567 1664 anapaestica

282 1693 383 1733 hujus
406 1691 507 1723 metri
533 1693 657 1721 natur·
679 1688 825 1729 perspici
847 1686 967 1726 possit,
992 1694 1090 1723 quam
1115 1685 1151 1714 in
1171 1686 1345 1715 comoedia
1364 1685 1548 1724 interdum,
1567 1686 1794 1723 anapaesticis
1812 1687 1963 1715 numeris
1983 1685 2238 1724 interpositum,
2251 1686 2409 1717 hahuisse
2420 1688 2565 1718 videtur.

228 1782 285 1818 ²⁹)
310 1779 420 1816 lluJus
442 1776 614 1807 commatii
645 1779 790 1804 metrum
815 1774 863 1802 sic
886 1773 1079 1814 constituo:

229 2552 282 2588 ⁸⁰)
305 2551 488 2586 t'esparum
509 2546 726 2577 commotion:

974 2615 1182 2638 -υυ-
1235 2604 1240 2648 Ι
1294 2613 1503 2637 -uu-
1556 2603 1563 2647 Ι
1614 2614 1753 2637 --υ

974 2708 1552 2748 --υυ-Ι--υυῦ

1068 2782 1353 2807 υυ---
