<?xml version="1.0" encoding="UTF-8"?>
<!DOCTYPE html PUBLIC "-//W3C//DTD XHTML 1.0 Transitional//EN"
    "http://www.w3.org/TR/xhtml1/DTD/xhtml1-transitional.dtd">
<html xmlns="http://www.w3.org/1999/xhtml" xml:lang="en" lang="en">
 <head>
  <title>
</title>
<meta http-equiv="Content-Type" content="text/html;charset=utf-8" />
  <meta name='ocr-system' content='tesseract 3.04.00' />
  <meta name='ocr-capabilities' content='ocr_page ocr_carea ocr_par ocr_line ocrx_word'/>
</head>
<body>
  <div class='ocr_page' id='page_1' title='image "./4770959_0010.png"; bbox 0 0 2749 3516; ppageno 0'>
   <div class='ocr_carea' id='block_1_1' title="bbox 1326 122 1362 173">
    <p class='ocr_par' dir='ltr' id='par_1_1' title="bbox 1326 122 1362 173">
     <span class='ocr_line' id='line_1_1' title="bbox 1326 122 1362 173; baseline 0 0"><span class='ocrx_word' id='word_1_1' title='bbox 1326 122 1362 173; x_wconf 83' lang='lat'><em>2</em></span> 
     </span>
    </p>
   </div>
   <div class='ocr_carea' id='block_1_2' title="bbox 148 263 2547 1138">
    <p class='ocr_par' dir='ltr' id='par_1_2' title="bbox 148 263 2547 837">
     <span class='ocr_line' id='line_1_2' title="bbox 255 263 2546 321; baseline -0.001 -12"><span class='ocrx_word' id='word_1_2' title='bbox 255 268 330 309; x_wconf 86' lang='lat' dir='ltr'><strong>Est</strong></span> <span class='ocrx_word' id='word_1_3' title='bbox 352 275 488 309; x_wconf 86' lang='lat' dir='ltr'><strong>autem</strong></span> <span class='ocrx_word' id='word_1_4' title='bbox 517 270 624 309; x_wconf 91' lang='lat' dir='ltr'><strong>inter</strong></span> <span class='ocrx_word' id='word_1_5' title='bbox 653 265 895 308; x_wconf 85' lang='lat' dir='ltr'><strong>comoediae</strong></span> <span class='ocrx_word' id='word_1_6' title='bbox 932 265 1028 306; x_wconf 88' lang='lat' dir='ltr'><strong>illas</strong></span> <span class='ocrx_word' id='word_1_7' title='bbox 1066 273 1206 320; x_wconf 86' lang='lat' dir='ltr'><strong>partes</strong></span> <span class='ocrx_word' id='word_1_8' title='bbox 1242 263 1482 320; x_wconf 73' lang='lat' dir='ltr'><strong>pan-abusis,</strong></span> <span class='ocrx_word' id='word_1_9' title='bbox 1516 266 1558 317; x_wconf 88' lang='lat'><strong>¹)</strong></span> <span class='ocrx_word' id='word_1_10' title='bbox 1596 278 1703 321; x_wconf 85' lang='lat' dir='ltr'><strong>quae</strong></span> <span class='ocrx_word' id='word_1_11' title='bbox 1740 278 1767 306; x_wconf 87' lang='lat' dir='ltr'><strong>a</strong></span> <span class='ocrx_word' id='word_1_12' title='bbox 1793 265 2073 321; x_wconf 75' lang='lat' dir='ltr'><strong>grammaticis</strong></span> <span class='ocrx_word' id='word_1_13' title='bbox 2102 265 2274 314; x_wconf 89' lang='lat' dir='ltr'><strong>dicitur,</strong></span> <span class='ocrx_word' id='word_1_14' title='bbox 2307 264 2424 306; x_wconf 89' lang='lat' dir='ltr'><strong>chori</strong></span> <span class='ocrx_word' id='word_1_15' title='bbox 2452 277 2546 306; x_wconf 87' lang='lat' dir='ltr'><strong>can·</strong></span> 
     </span>
     <span class='ocr_line' id='line_1_3' title="bbox 148 338 2546 398; baseline -0.001 -15"><span class='ocrx_word' id='word_1_16' title='bbox 148 345 272 383; x_wconf 90' lang='lat' dir='ltr'><strong>ticum</strong></span> <span class='ocrx_word' id='word_1_17' title='bbox 292 357 315 383; x_wconf 92' lang='lat' dir='ltr'><strong>e</strong></span> <span class='ocrx_word' id='word_1_18' title='bbox 346 344 472 383; x_wconf 87' lang='lat' dir='ltr'><strong>variis</strong></span> <span class='ocrx_word' id='word_1_19' title='bbox 499 341 684 398; x_wconf 88' lang='lat' dir='ltr'><strong>partibus</strong></span> <span class='ocrx_word' id='word_1_20' title='bbox 713 342 997 395; x_wconf 86' lang='lat' dir='ltr'><strong>compositum,</strong></span> <span class='ocrx_word' id='word_1_21' title='bbox 1026 354 1147 395; x_wconf 89' lang='lat' dir='ltr'><strong>quae,</strong></span> <span class='ocrx_word' id='word_1_22' title='bbox 1181 354 1305 395; x_wconf 85' lang='lat' dir='ltr'><strong>quum</strong></span> <span class='ocrx_word' id='word_1_23' title='bbox 1333 339 1387 380; x_wconf 93' lang='lat' dir='ltr'><strong>ob</strong></span> <span class='ocrx_word' id='word_1_24' title='bbox 1416 339 1668 395; x_wconf 78' lang='lat' dir='ltr'><strong>singularem</strong></span> <span class='ocrx_word' id='word_1_25' title='bbox 1683 347 1871 380; x_wconf 89' lang='lat' dir='ltr'><strong>naturam</strong></span> <span class='ocrx_word' id='word_1_26' title='bbox 1899 339 1951 380; x_wconf 91' lang='lat' dir='ltr'><strong>ab</strong></span> <span class='ocrx_word' id='word_1_27' title='bbox 1974 338 2166 380; x_wconf 86' lang='lat' dir='ltr'><strong>omnibus</strong></span> <span class='ocrx_word' id='word_1_28' title='bbox 2188 338 2284 379; x_wconf 86' lang='lat' dir='ltr'><strong>aliis</strong></span> <span class='ocrx_word' id='word_1_29' title='bbox 2306 339 2546 380; x_wconf 86' lang='lat' dir='ltr'><strong>comoediae</strong></span> 
     </span>
     <span class='ocr_line' id='line_1_4' title="bbox 151 413 2546 470; baseline -0.002 -12"><span class='ocrx_word' id='word_1_30' title='bbox 151 416 336 470; x_wconf 86' lang='lat' dir='ltr'><strong>partibus</strong></span> <span class='ocrx_word' id='word_1_31' title='bbox 364 416 716 465; x_wconf 88' lang='lat' dir='ltr'><strong>diversissimam,</strong></span> <span class='ocrx_word' id='word_1_32' title='bbox 759 424 845 456; x_wconf 91' lang='lat' dir='ltr'><strong>tum</strong></span> <span class='ocrx_word' id='word_1_33' title='bbox 873 417 972 469; x_wconf 90' lang='lat' dir='ltr'><strong>quia</strong></span> <span class='ocrx_word' id='word_1_34' title='bbox 999 417 1155 456; x_wconf 82' lang='lat' dir='ltr'><strong>veteris</strong></span> <span class='ocrx_word' id='word_1_35' title='bbox 1183 414 1424 456; x_wconf 87' lang='lat' dir='ltr'><strong>comoediae</strong></span> <span class='ocrx_word' id='word_1_36' title='bbox 1453 414 1617 455; x_wconf 87' lang='lat' dir='ltr'><strong>Atticae</strong></span> <span class='ocrx_word' id='word_1_37' title='bbox 1646 428 1672 455; x_wconf 87' lang='lat' dir='ltr'><strong>a</strong></span> <span class='ocrx_word' id='word_1_38' title='bbox 1695 413 1834 455; x_wconf 88' lang='lat' dir='ltr'><strong>media</strong></span> <span class='ocrx_word' id='word_1_39' title='bbox 1861 422 1904 455; x_wconf 89' lang='lat' dir='ltr'><strong>et</strong></span> <span class='ocrx_word' id='word_1_40' title='bbox 1931 428 2040 455; x_wconf 86' lang='lat' dir='ltr'><strong>nova</strong></span> <span class='ocrx_word' id='word_1_41' title='bbox 2068 416 2110 454; x_wconf 92' lang='lat' dir='ltr'><strong>in</strong></span> <span class='ocrx_word' id='word_1_42' title='bbox 2139 427 2191 454; x_wconf 91' lang='lat' dir='ltr'><strong>ea</strong></span> <span class='ocrx_word' id='word_1_43' title='bbox 2225 415 2409 454; x_wconf 82' lang='lat' dir='ltr'><strong>maxime</strong></span> <span class='ocrx_word' id='word_1_44' title='bbox 2437 414 2546 467; x_wconf 86' lang='lat' dir='ltr'><strong>posi·</strong></span> 
     </span>
     <span class='ocr_line' id='line_1_5' title="bbox 151 486 2547 544; baseline -0.002 -12"><span class='ocrx_word' id='word_1_45' title='bbox 151 500 236 532; x_wconf 91' lang='lat' dir='ltr'><strong>tum</strong></span> <span class='ocrx_word' id='word_1_46' title='bbox 274 505 368 532; x_wconf 86' lang='lat' dir='ltr'><strong>esse</strong></span> <span class='ocrx_word' id='word_1_47' title='bbox 407 490 570 531; x_wconf 88' lang='lat' dir='ltr'><strong>videtur</strong></span> <span class='ocrx_word' id='word_1_48' title='bbox 599 490 822 531; x_wconf 79' lang='lat' dir='ltr'>discrimen</span> <span class='ocrx_word' id='word_1_49' title='bbox 859 503 960 543; x_wconf 89' lang='lat' dir='ltr'><strong>prae</strong></span> <span class='ocrx_word' id='word_1_50' title='bbox 990 490 1140 530; x_wconf 86' lang='lat' dir='ltr'><strong>ceteris</strong></span> <span class='ocrx_word' id='word_1_51' title='bbox 1169 489 1295 544; x_wconf 87' lang='lat' dir='ltr'><strong>digna</strong></span> <span class='ocrx_word' id='word_1_52' title='bbox 1324 497 1413 537; x_wconf 88' lang='lat' dir='ltr'><strong>est,</strong></span> <span class='ocrx_word' id='word_1_53' title='bbox 1450 489 1567 542; x_wconf 78' lang='lat' dir='ltr'><strong>cujus</strong></span> <span class='ocrx_word' id='word_1_54' title='bbox 1595 496 1742 529; x_wconf 87' lang='lat' dir='ltr'><strong>natura</strong></span> <span class='ocrx_word' id='word_1_55' title='bbox 1771 490 2003 529; x_wconf 72' lang='lat' dir='ltr'><strong>accuratius</strong></span> <span class='ocrx_word' id='word_1_56' title='bbox 2031 487 2269 531; x_wconf 80' lang='lat' dir='ltr'><strong>illustretur.</strong></span> <span class='ocrx_word' id='word_1_57' title='bbox 2325 486 2392 528; x_wconf 88' lang='lat' dir='ltr'><strong>De</strong></span> <span class='ocrx_word' id='word_1_58' title='bbox 2428 500 2547 541; x_wconf 86' lang='lat' dir='ltr'><strong>para·</strong></span> 
     </span>
     <span class='ocr_line' id='line_1_6' title="bbox 151 563 2547 620; baseline -0.003 -13"><span class='ocrx_word' id='word_1_59' title='bbox 151 567 264 607; x_wconf 85' lang='lat' dir='ltr'><strong>basis</strong></span> <span class='ocrx_word' id='word_1_60' title='bbox 293 568 419 620; x_wconf 82' lang='lat' dir='ltr'><strong>igitur</strong></span> <span class='ocrx_word' id='word_1_61' title='bbox 447 575 593 606; x_wconf 83' lang='lat' dir='ltr'><strong>natura</strong></span> <span class='ocrx_word' id='word_1_62' title='bbox 622 566 890 618; x_wconf 80' lang='lat' dir='ltr'><strong>disputaturi,</strong></span> <span class='ocrx_word' id='word_1_63' title='bbox 924 566 960 604; x_wconf 89' lang='lat' dir='ltr'><strong>si</strong></span> <span class='ocrx_word' id='word_1_64' title='bbox 989 572 1172 604; x_wconf 85' lang='lat' dir='ltr'><strong>veterum</strong></span> <span class='ocrx_word' id='word_1_65' title='bbox 1204 566 1447 617; x_wconf 88' lang='lat' dir='ltr'><strong>scriptorum</strong></span> <span class='ocrx_word' id='word_1_66' title='bbox 1476 564 1724 603; x_wconf 75' lang='lat' dir='ltr'><strong>testimoniis</strong></span> <span class='ocrx_word' id='word_1_67' title='bbox 1760 563 1945 603; x_wconf 88' lang='lat' dir='ltr'><strong>destituti</strong></span> <span class='ocrx_word' id='word_1_68' title='bbox 1966 564 2083 616; x_wconf 79' lang='lat' dir='ltr'><strong>justo</strong></span> <span class='ocrx_word' id='word_1_69' title='bbox 2110 563 2308 602; x_wconf 86' lang='lat' dir='ltr'><strong>audacius</strong></span> <span class='ocrx_word' id='word_1_70' title='bbox 2334 564 2378 602; x_wconf 91' lang='lat' dir='ltr'><strong>in</strong></span> <span class='ocrx_word' id='word_1_71' title='bbox 2406 563 2547 616; x_wconf 78' lang='lat' dir='ltr'><strong>singu·</strong></span> 
     </span>
     <span class='ocr_line' id='line_1_7' title="bbox 152 634 2545 688; baseline -0.003 -7"><span class='ocrx_word' id='word_1_72' title='bbox 152 641 205 681; x_wconf 90' lang='lat' dir='ltr'><strong>lis</strong></span> <span class='ocrx_word' id='word_1_73' title='bbox 243 640 368 680; x_wconf 91' lang='lat' dir='ltr'><strong>rebus</strong></span> <span class='ocrx_word' id='word_1_74' title='bbox 404 639 703 679; x_wconf 83' lang='lat' dir='ltr'><strong>constituendis</strong></span> <span class='ocrx_word' id='word_1_75' title='bbox 748 639 902 678; x_wconf 86' lang='lat' dir='ltr'><strong>versati</strong></span> <span class='ocrx_word' id='word_1_76' title='bbox 939 651 1033 677; x_wconf 87' lang='lat' dir='ltr'><strong>esse</strong></span> <span class='ocrx_word' id='word_1_77' title='bbox 1069 637 1191 677; x_wconf 88' lang='lat' dir='ltr'><strong>alicui</strong></span> <span class='ocrx_word' id='word_1_78' title='bbox 1246 637 1502 685; x_wconf 84' lang='lat' dir='ltr'><strong>videremur,</strong></span> <span class='ocrx_word' id='word_1_79' title='bbox 1545 645 1590 675; x_wconf 92' lang='lat' dir='ltr'><strong>ut</strong></span> <span class='ocrx_word' id='word_1_80' title='bbox 1631 636 1806 675; x_wconf 84' lang='lat' dir='ltr'><strong>meliora</strong></span> <span class='ocrx_word' id='word_1_81' title='bbox 1846 636 2021 676; x_wconf 86' lang='lat' dir='ltr'><strong>candide</strong></span> <span class='ocrx_word' id='word_1_82' title='bbox 2061 634 2183 676; x_wconf 87' lang='lat' dir='ltr'><strong>nobis</strong></span> <span class='ocrx_word' id='word_1_83' title='bbox 2220 638 2445 688; x_wconf 84' lang='lat' dir='ltr'><strong>impertire,</strong></span> <span class='ocrx_word' id='word_1_84' title='bbox 2480 637 2545 676; x_wconf 85' lang='lat' dir='ltr'><strong>sin</strong></span> 
     </span>
     <span class='ocr_line' id='line_1_8' title="bbox 153 708 2541 764; baseline -0.002 -10"><span class='ocrx_word' id='word_1_85' title='bbox 153 716 310 762; x_wconf 87' lang='lat' dir='ltr'><strong>minus,</strong></span> <span class='ocrx_word' id='word_1_86' title='bbox 354 723 399 753; x_wconf 89' lang='lat' dir='ltr'><strong>ut</strong></span> <span class='ocrx_word' id='word_1_87' title='bbox 427 712 492 752; x_wconf 87' lang='lat' dir='ltr'><strong>his</strong></span> <span class='ocrx_word' id='word_1_88' title='bbox 521 711 733 752; x_wconf 85' lang='lat' dir='ltr'><strong>nobiscum</strong></span> <span class='ocrx_word' id='word_1_89' title='bbox 776 713 833 751; x_wconf 84' lang='lat' dir='ltr'><strong>uti</strong></span> <span class='ocrx_word' id='word_1_90' title='bbox 881 719 923 751; x_wconf 86' lang='lat' dir='ltr'><strong>et</strong></span> <span class='ocrx_word' id='word_1_91' title='bbox 959 712 1081 764; x_wconf 86' lang='lat' dir='ltr'><strong>aequi</strong></span> <span class='ocrx_word' id='word_1_92' title='bbox 1120 710 1298 763; x_wconf 87' lang='lat' dir='ltr'><strong>bonique</strong></span> <span class='ocrx_word' id='word_1_93' title='bbox 1327 709 1545 749; x_wconf 86' lang='lat' dir='ltr'><strong>consulere</strong></span> <span class='ocrx_word' id='word_1_94' title='bbox 1584 708 1707 757; x_wconf 88' lang='lat' dir='ltr'><strong>velit,</strong></span> <span class='ocrx_word' id='word_1_95' title='bbox 1741 722 1847 763; x_wconf 86' lang='lat' dir='ltr'><strong>quae</strong></span> <span class='ocrx_word' id='word_1_96' title='bbox 1876 710 2054 750; x_wconf 86' lang='lat' dir='ltr'><strong>certiora</strong></span> <span class='ocrx_word' id='word_1_97' title='bbox 2100 722 2224 764; x_wconf 84' lang='lat' dir='ltr'><strong>quam</strong></span> <span class='ocrx_word' id='word_1_98' title='bbox 2262 709 2414 750; x_wconf 86' lang='lat' dir='ltr'><strong>factum</strong></span> <span class='ocrx_word' id='word_1_99' title='bbox 2453 717 2541 750; x_wconf 84' lang='lat' dir='ltr'><strong>erat</strong></span> 
     </span>
     <span class='ocr_line' id='line_1_9' title="bbox 154 787 1127 837; baseline -0.004 -9"><span class='ocrx_word' id='word_1_100' title='bbox 154 802 179 828; x_wconf 91' lang='lat' dir='ltr'><strong>a</strong></span> <span class='ocrx_word' id='word_1_101' title='bbox 210 787 330 828; x_wconf 85' lang='lat' dir='ltr'><strong>nobis</strong></span> <span class='ocrx_word' id='word_1_102' title='bbox 359 788 578 828; x_wconf 87' lang='lat' dir='ltr'><strong>constituta</strong></span> <span class='ocrx_word' id='word_1_103' title='bbox 618 793 726 833; x_wconf 88' lang='lat' dir='ltr'><strong>sunt,</strong></span> <span class='ocrx_word' id='word_1_104' title='bbox 755 787 883 825; x_wconf 90' lang='lat' dir='ltr'><strong>enixe</strong></span> <span class='ocrx_word' id='word_1_105' title='bbox 921 797 1127 837; x_wconf 86' lang='lat' dir='ltr'><strong>rogamus.</strong></span> 
     </span>
    </p>

    <p class='ocr_par' dir='ltr' id='par_1_3' title="bbox 153 855 2546 1138">
     <span class='ocr_line' id='line_1_10' title="bbox 260 855 2545 916; baseline -0.001 -14"><span class='ocrx_word' id='word_1_106' title='bbox 260 861 328 902; x_wconf 81' lang='lat' dir='ltr'><strong>Ab</strong></span> <span class='ocrx_word' id='word_1_107' title='bbox 349 863 479 916; x_wconf 89' lang='lat' dir='ltr'><strong>ipsius</strong></span> <span class='ocrx_word' id='word_1_108' title='bbox 509 862 621 900; x_wconf 86' lang='lat' dir='ltr'><strong>vocis</strong></span> <span class='ocrx_word' id='word_1_109' title='bbox 647 859 949 913; x_wconf 81' lang='lat' dir='ltr'><strong>significatione</strong></span> <span class='ocrx_word' id='word_1_110' title='bbox 977 859 1138 898; x_wconf 90' lang='lat' dir='ltr'><strong>initium</strong></span> <span class='ocrx_word' id='word_1_111' title='bbox 1166 857 1401 898; x_wconf 85' lang='lat' dir='ltr'><strong>faciendum</strong></span> <span class='ocrx_word' id='word_1_112' title='bbox 1429 865 1518 905; x_wconf 59' lang='lat' dir='ltr'><strong>est„</strong></span> <span class='ocrx_word' id='word_1_113' title='bbox 1546 855 1764 897; x_wconf 81' lang='lat' dir='ltr'><strong>Parabasis</strong></span> <span class='ocrx_word' id='word_1_114' title='bbox 1783 855 2034 898; x_wconf 85' lang='lat' dir='ltr'><strong>aveteribus</strong></span> <span class='ocrx_word' id='word_1_115' title='bbox 2056 858 2338 912; x_wconf 84' lang='lat' dir='ltr'><strong>grammaticis</strong></span> <span class='ocrx_word' id='word_1_116' title='bbox 2365 866 2406 899; x_wconf 91' lang='lat' dir='ltr'><strong>et</strong></span> <span class='ocrx_word' id='word_1_117' title='bbox 2428 857 2545 914; x_wconf 82' lang='lat' dir='ltr'><strong>scho-</strong></span> 
     </span>
     <span class='ocr_line' id='line_1_11' title="bbox 153 930 2545 987; baseline -0.003 -9"><span class='ocrx_word' id='word_1_118' title='bbox 153 937 285 978; x_wconf 85' lang='lat' dir='ltr'><strong>liastis</strong></span> <span class='ocrx_word' id='word_1_119' title='bbox 311 934 551 976; x_wconf 83' lang='lat' dir='ltr'><strong>comoediae</strong></span> <span class='ocrx_word' id='word_1_120' title='bbox 567 936 769 974; x_wconf 82' lang='lat' dir='ltr'><strong>canticum</strong></span> <span class='ocrx_word' id='word_1_121' title='bbox 794 931 895 972; x_wconf 89' lang='lat' dir='ltr'><strong>illud</strong></span> <span class='ocrx_word' id='word_1_122' title='bbox 912 931 1158 986; x_wconf 84' lang='lat' dir='ltr'><strong>appellatur,</strong></span> <span class='ocrx_word' id='word_1_123' title='bbox 1186 930 1296 987; x_wconf 90' lang='lat' dir='ltr'><strong>quod</strong></span> <span class='ocrx_word' id='word_1_124' title='bbox 1326 945 1350 972; x_wconf 91' lang='lat' dir='ltr'><strong>e</strong></span> <span class='ocrx_word' id='word_1_125' title='bbox 1366 933 1492 972; x_wconf 84' lang='lat' dir='ltr'><strong>variis</strong></span> <span class='ocrx_word' id='word_1_126' title='bbox 1514 930 1698 985; x_wconf 83' lang='lat' dir='ltr'><strong>partibus</strong></span> <span class='ocrx_word' id='word_1_127' title='bbox 1718 933 1986 985; x_wconf 85' lang='lat' dir='ltr'><strong>compositum</strong></span> <span class='ocrx_word' id='word_1_128' title='bbox 2013 936 2040 972; x_wconf 82' lang='lat' dir='ltr'><strong>a&#39;</strong></span> <span class='ocrx_word' id='word_1_129' title='bbox 2068 931 2195 973; x_wconf 89' lang='lat' dir='ltr'><strong>choro</strong></span> <span class='ocrx_word' id='word_1_130' title='bbox 2211 930 2264 972; x_wconf 90' lang='lat' dir='ltr'><strong>ad</strong></span> <span class='ocrx_word' id='word_1_131' title='bbox 2287 939 2545 987; x_wconf 79' lang='lat' dir='ltr'><strong>spectatores</strong></span> 
     </span>
     <span class='ocr_line' id='line_1_12' title="bbox 155 1005 2546 1061; baseline -0.003 -11"><span class='ocrx_word' id='word_1_132' title='bbox 155 1023 362 1051; x_wconf 81' lang='lat' dir='ltr'><strong>converso</strong></span> <span class='ocrx_word' id='word_1_133' title='bbox 395 1012 455 1048; x_wconf 85' lang='lat' dir='ltr'><strong>ita</strong></span> <span class='ocrx_word' id='word_1_134' title='bbox 483 1007 731 1052; x_wconf 80' lang='lat' dir='ltr'><strong>canebatur,</strong></span> <span class='ocrx_word' id='word_1_135' title='bbox 774 1014 819 1045; x_wconf 87' lang='lat' dir='ltr'><strong>ut</strong></span> <span class='ocrx_word' id='word_1_136' title='bbox 854 1006 1096 1045; x_wconf 88' lang='lat' dir='ltr'><strong>comoediae</strong></span> <span class='ocrx_word' id='word_1_137' title='bbox 1133 1005 1276 1045; x_wconf 82' lang='lat' dir='ltr'><strong>fabula</strong></span> <span class='ocrx_word' id='word_1_138' title='bbox 1312 1007 1542 1058; x_wconf 84' lang='lat' dir='ltr'><strong>interrupta</strong></span> <span class='ocrx_word' id='word_1_139' title='bbox 1574 1013 1724 1058; x_wconf 88' lang='lat' dir='ltr'><strong>poetae</strong></span> <span class='ocrx_word' id='word_1_140' title='bbox 1759 1018 1979 1058; x_wconf 84' lang='lat' dir='ltr'><strong>personam</strong></span> <span class='ocrx_word' id='word_1_141' title='bbox 2007 1008 2124 1061; x_wconf 85' lang='lat' dir='ltr'><strong>quasi</strong></span> <span class='ocrx_word' id='word_1_142' title='bbox 2160 1006 2362 1046; x_wconf 79' lang='lat' dir='ltr'><strong>indueret.</strong></span> <span class='ocrx_word' id='word_1_143' title='bbox 2425 1005 2546 1058; x_wconf 86' lang='lat' dir='ltr'><strong>Apud</strong></span> 
     </span>
     <span class='ocr_line' id='line_1_13' title="bbox 155 1078 2546 1138; baseline -0.003 -13"><span class='ocrx_word' id='word_1_144' title='bbox 155 1088 267 1138; x_wconf 85' lang='lat' dir='ltr'><strong>ipsos</strong></span> <span class='ocrx_word' id='word_1_145' title='bbox 304 1082 546 1124; x_wconf 85' lang='lat' dir='ltr'><strong>comoediae</strong></span> <span class='ocrx_word' id='word_1_146' title='bbox 589 1089 736 1133; x_wconf 84' lang='lat' dir='ltr'><strong>poetas</strong></span> <span class='ocrx_word' id='word_1_147' title='bbox 780 1079 905 1132; x_wconf 79' lang='lat' dir='ltr'><strong>hujus</strong></span> <span class='ocrx_word' id='word_1_148' title='bbox 949 1081 1062 1119; x_wconf 84' lang='lat' dir='ltr'><strong>vocis</strong></span> <span class='ocrx_word' id='word_1_149' title='bbox 1103 1080 1365 1134; x_wconf 75' lang='grc' dir='ltr'>(παράβασις)</span> <span class='ocrx_word' id='word_1_150' title='bbox 1408 1078 1561 1119; x_wconf 89' lang='lat' dir='ltr'><strong>nullam</strong></span> <span class='ocrx_word' id='word_1_151' title='bbox 1604 1079 1769 1134; x_wconf 88' lang='lat' dir='ltr'><strong>quidem</strong></span> <span class='ocrx_word' id='word_1_152' title='bbox 1818 1081 2067 1120; x_wconf 88' lang='lat' dir='ltr'><strong>mentionem</strong></span> <span class='ocrx_word' id='word_1_153' title='bbox 2094 1079 2186 1120; x_wconf 87' lang='lat' dir='ltr'><strong>fieri</strong></span> <span class='ocrx_word' id='word_1_154' title='bbox 2228 1079 2432 1128; x_wconf 83' lang='lat' dir='ltr'><strong>videmus,</strong></span> <span class='ocrx_word' id='word_1_155' title='bbox 2470 1078 2546 1119; x_wconf 86' lang='lat' dir='ltr'><strong>sed</strong></span> 
     </span>
    </p>
   </div>
   <div class='ocr_carea' id='block_1_3' title="bbox 152 1226 417 1236">
    <p class='ocr_par' dir='ltr' id='par_1_4' title="bbox 152 1226 417 1236">
     <span class='ocr_line' id='line_1_14' title="bbox 152 1226 417 1236; baseline 0 0"><span class='ocrx_word' id='word_1_156' title='bbox 152 1226 417 1236; x_wconf 95' lang='lat' dir='ltr'><strong> </strong></span> 
     </span>
    </p>
   </div>
   <div class='ocr_carea' id='block_1_4' title="bbox 203 1300 2546 2372">
    <p class='ocr_par' dir='ltr' id='par_1_5' title="bbox 203 1300 2546 2372">
     <span class='ocr_line' id='line_1_15' title="bbox 203 1300 2545 1342; baseline 0 -9"><span class='ocrx_word' id='word_1_157' title='bbox 203 1304 234 1341; x_wconf 87' lang='lat'><strong>¹)</strong></span> <span class='ocrx_word' id='word_1_158' title='bbox 257 1304 308 1333; x_wconf 91' lang='lat' dir='ltr'><strong>De</strong></span> <span class='ocrx_word' id='word_1_159' title='bbox 328 1302 471 1342; x_wconf 78' lang='lat' dir='ltr'><strong>tragica,</strong></span> <span class='ocrx_word' id='word_1_160' title='bbox 496 1310 581 1339; x_wconf 85' lang='lat' dir='ltr'><strong>quae</strong></span> <span class='ocrx_word' id='word_1_161' title='bbox 606 1301 731 1331; x_wconf 86' lang='lat' dir='ltr'><strong>dicitur</strong></span> <span class='ocrx_word' id='word_1_162' title='bbox 755 1300 911 1339; x_wconf 79' lang='lat' dir='ltr'><strong>par-abasi</strong></span> <span class='ocrx_word' id='word_1_163' title='bbox 937 1301 1094 1339; x_wconf 75' lang='lat' dir='ltr'><strong>quaestio</strong></span> <span class='ocrx_word' id='word_1_164' title='bbox 1127 1301 1230 1332; x_wconf 84' lang='lat' dir='ltr'><strong>nimis</strong></span> <span class='ocrx_word' id='word_1_165' title='bbox 1266 1301 1429 1340; x_wconf 82' lang='lat' dir='ltr'><strong>impedita</strong></span> <span class='ocrx_word' id='word_1_166' title='bbox 1461 1304 1529 1341; x_wconf 89' lang='lat' dir='ltr'><strong>est,</strong></span> <span class='ocrx_word' id='word_1_167' title='bbox 1564 1310 1662 1338; x_wconf 86' lang='lat' dir='ltr'><strong>quam</strong></span> <span class='ocrx_word' id='word_1_168' title='bbox 1687 1310 1776 1339; x_wconf 80' lang='lat' dir='ltr'><strong>quae</strong></span> <span class='ocrx_word' id='word_1_169' title='bbox 1797 1301 2090 1340; x_wconf 69' lang='lat' dir='ltr'><strong>disputatiuncula</strong></span> <span class='ocrx_word' id='word_1_170' title='bbox 2111 1306 2182 1333; x_wconf 83' lang='lat' dir='ltr'><strong>tam</strong></span> <span class='ocrx_word' id='word_1_171' title='bbox 2204 1302 2310 1334; x_wconf 82' lang='lat' dir='ltr'><strong>arctis</strong></span> <span class='ocrx_word' id='word_1_172' title='bbox 2334 1302 2456 1333; x_wconf 73' lang='lat' dir='ltr'><strong>fluibus</strong></span> <span class='ocrx_word' id='word_1_173' title='bbox 2477 1302 2545 1333; x_wconf 86' lang='lat' dir='ltr'><strong>cir·</strong></span> 
     </span>
     <span class='ocr_line' id='line_1_16' title="bbox 263 1364 2545 1406; baseline 0 -9"><span class='ocrx_word' id='word_1_174' title='bbox 263 1366 468 1404; x_wconf 87' lang='lat' dir='ltr'><strong>cumscripta</strong></span> <span class='ocrx_word' id='word_1_175' title='bbox 490 1364 620 1396; x_wconf 87' lang='lat' dir='ltr'><strong>absolvi</strong></span> <span class='ocrx_word' id='word_1_176' title='bbox 645 1365 771 1403; x_wconf 88' lang='lat' dir='ltr'><strong>possit;</strong></span> <span class='ocrx_word' id='word_1_177' title='bbox 804 1365 865 1396; x_wconf 88' lang='lat' dir='ltr'><strong>sed</strong></span> <span class='ocrx_word' id='word_1_178' title='bbox 901 1365 1105 1404; x_wconf 82' lang='lat' dir='ltr'><strong>praecipuos</strong></span> <span class='ocrx_word' id='word_1_179' title='bbox 1136 1365 1231 1397; x_wconf 90' lang='lat' dir='ltr'><strong>locos</strong></span> <span class='ocrx_word' id='word_1_180' title='bbox 1263 1365 1433 1403; x_wconf 88' lang='lat' dir='ltr'><strong>attulisse,</strong></span> <span class='ocrx_word' id='word_1_181' title='bbox 1466 1367 1501 1395; x_wconf 90' lang='lat' dir='ltr'><strong>et</strong></span> <span class='ocrx_word' id='word_1_182' title='bbox 1534 1367 1686 1396; x_wconf 83' lang='lat' dir='ltr'><strong>nostram</strong></span> <span class='ocrx_word' id='word_1_183' title='bbox 1721 1365 1763 1396; x_wconf 88' lang='lat' dir='ltr'><strong>de</strong></span> <span class='ocrx_word' id='word_1_184' title='bbox 1800 1373 1842 1396; x_wconf 88' lang='lat' dir='ltr'><strong>ea</strong></span> <span class='ocrx_word' id='word_1_185' title='bbox 1875 1368 2081 1397; x_wconf 88' lang='lat' dir='ltr'><strong>sententiam</strong></span> <span class='ocrx_word' id='word_1_186' title='bbox 2106 1366 2222 1406; x_wconf 79' lang='lat' dir='ltr'><strong>paucis</strong></span> <span class='ocrx_word' id='word_1_187' title='bbox 2245 1367 2450 1406; x_wconf 78' lang='lat' dir='ltr'><strong>exposuisse</strong></span> <span class='ocrx_word' id='word_1_188' title='bbox 2473 1366 2545 1397; x_wconf 77' lang='lat' dir='ltr'><strong>suf-</strong></span> 
     </span>
     <span class='ocr_line' id='line_1_17' title="bbox 266 1429 2545 1468; baseline 0 -7"><span class='ocrx_word' id='word_1_189' title='bbox 266 1431 367 1462; x_wconf 81' lang='lat' dir='ltr'><strong>ficiat.</strong></span> <span class='ocrx_word' id='word_1_190' title='bbox 426 1429 635 1461; x_wconf 82' lang='lat' dir='ltr'><strong>Notissimus</strong></span> <span class='ocrx_word' id='word_1_191' title='bbox 668 1433 720 1460; x_wconf 89' lang='lat' dir='ltr'><strong>est</strong></span> <span class='ocrx_word' id='word_1_192' title='bbox 744 1430 840 1461; x_wconf 89' lang='lat' dir='ltr'><strong>locus</strong></span> <span class='ocrx_word' id='word_1_193' title='bbox 863 1430 953 1468; x_wconf 88' lang='lat' dir='ltr'><strong>apud</strong></span> <span class='ocrx_word' id='word_1_194' title='bbox 977 1431 1108 1462; x_wconf 86' lang='lat' dir='ltr'><strong>Polluc.</strong></span> <span class='ocrx_word' id='word_1_195' title='bbox 1133 1432 1189 1460; x_wconf 86' lang='lat' dir='ltr'><strong>lv.</strong></span> <span class='ocrx_word' id='word_1_196' title='bbox 1216 1431 1289 1466; x_wconf 88' lang='lat'>111,</span> <span class='ocrx_word' id='word_1_197' title='bbox 1312 1429 1370 1468; x_wconf 84' lang='lat' dir='ltr'><strong>qui</strong></span> <span class='ocrx_word' id='word_1_198' title='bbox 1394 1430 1497 1468; x_wconf 77' lang='lat' dir='ltr'><strong>vulgo</strong></span> <span class='ocrx_word' id='word_1_199' title='bbox 1522 1438 1591 1460; x_wconf 90' lang='lat' dir='ltr'><strong>nou</strong></span> <span class='ocrx_word' id='word_1_200' title='bbox 1617 1430 1703 1460; x_wconf 88' lang='lat' dir='ltr'><strong>bene</strong></span> <span class='ocrx_word' id='word_1_201' title='bbox 1725 1429 1925 1461; x_wconf 88' lang='lat' dir='ltr'><strong>intellectus</strong></span> <span class='ocrx_word' id='word_1_202' title='bbox 1945 1431 2023 1462; x_wconf 80' lang='lat' dir='ltr'><strong>huie</strong></span> <span class='ocrx_word' id='word_1_203' title='bbox 2046 1431 2158 1462; x_wconf 86' lang='lat' dir='ltr'><strong>errori</strong></span> <span class='ocrx_word' id='word_1_204' title='bbox 2181 1439 2299 1462; x_wconf 82' lang='lat' dir='ltr'><strong>ansam</strong></span> <span class='ocrx_word' id='word_1_205' title='bbox 2322 1432 2428 1462; x_wconf 87' lang='lat' dir='ltr'><strong>dedit.</strong></span> <span class='ocrx_word' id='word_1_206' title='bbox 2473 1432 2545 1463; x_wconf 78' lang='lat' dir='ltr'><strong>Eu-</strong></span> 
     </span>
     <span class='ocr_line' id='line_1_18' title="bbox 265 1489 2544 1538; baseline 0 -12"><span class='ocrx_word' id='word_1_207' title='bbox 265 1497 407 1535; x_wconf 89' lang='lat' dir='ltr'><strong>ripidem</strong></span> <span class='ocrx_word' id='word_1_208' title='bbox 433 1496 464 1525; x_wconf 68' lang='grc' dir='ltr'><strong>ἰν</strong></span> <span class='ocrx_word' id='word_1_209' title='bbox 487 1494 638 1530; x_wconf 56' lang='lat' dir='ltr'><strong>Amatae,</strong></span> <span class='ocrx_word' id='word_1_210' title='bbox 659 1498 693 1525; x_wconf 86' lang='lat' dir='ltr'><strong>et</strong></span> <span class='ocrx_word' id='word_1_211' title='bbox 717 1495 919 1533; x_wconf 85' lang='lat' dir='ltr'><strong>Sophoclem</strong></span> <span class='ocrx_word' id='word_1_212' title='bbox 942 1495 974 1524; x_wconf 63' lang='lat' dir='ltr'><em>h</em></span> <span class='ocrx_word' id='word_1_213' title='bbox 990 1489 1130 1535; x_wconf 76' lang='grc' dir='ltr'><em>Ἵππονῷ</em></span> <span class='ocrx_word' id='word_1_214' title='bbox 1154 1495 1325 1526; x_wconf 86' lang='lat' dir='ltr'><strong>canticum</strong></span> <span class='ocrx_word' id='word_1_215' title='bbox 1358 1494 1512 1532; x_wconf 87' lang='lat' dir='ltr'><strong>parabasi</strong></span> <span class='ocrx_word' id='word_1_216' title='bbox 1546 1493 1757 1524; x_wconf 86' lang='lat' dir='ltr'><strong>simillimum</strong></span> <span class='ocrx_word' id='word_1_217' title='bbox 1791 1495 1974 1535; x_wconf 79' lang='lat' dir='ltr'><strong>pepigisse.</strong></span> <span class='ocrx_word' id='word_1_218' title='bbox 2031 1497 2098 1526; x_wconf 84' lang='lat' dir='ltr'><strong>Sed</strong></span> <span class='ocrx_word' id='word_1_219' title='bbox 2129 1497 2344 1535; x_wconf 85' lang='lat' dir='ltr'><strong>perspicuum</strong></span> <span class='ocrx_word' id='word_1_220' title='bbox 2368 1500 2435 1538; x_wconf 83' lang='lat' dir='ltr'><strong>est,</strong></span> <span class='ocrx_word' id='word_1_221' title='bbox 2459 1496 2544 1527; x_wconf 89' lang='lat' dir='ltr'><strong>illud</strong></span> 
     </span>
     <span class='ocr_line' id='line_1_19' title="bbox 266 1551 2544 1601; baseline 0 -10"><span class='ocrx_word' id='word_1_222' title='bbox 266 1554 350 1591; x_wconf 76' lang='grc' dir='ltr'><strong>αὐτὸ</strong></span> <span class='ocrx_word' id='word_1_223' title='bbox 370 1558 543 1599; x_wconf 76' lang='grc' dir='ltr'><strong><em>πεποίηκεν</em></strong></span> <span class='ocrx_word' id='word_1_224' title='bbox 566 1568 634 1589; x_wconf 87' lang='lat' dir='ltr'><strong>non</strong></span> <span class='ocrx_word' id='word_1_225' title='bbox 659 1559 701 1588; x_wconf 83' lang='lat' dir='ltr'><strong>ad</strong></span> <span class='ocrx_word' id='word_1_226' title='bbox 725 1559 928 1599; x_wconf 83' lang='lat' dir='ltr'><strong>parabasim,</strong></span> <span class='ocrx_word' id='word_1_227' title='bbox 953 1560 1012 1589; x_wconf 90' lang='lat' dir='ltr'><strong>sed</strong></span> <span class='ocrx_word' id='word_1_228' title='bbox 1037 1560 1079 1589; x_wconf 86' lang='lat' dir='ltr'><strong>ad</strong></span> <span class='ocrx_word' id='word_1_229' title='bbox 1102 1554 1210 1601; x_wconf 81' lang='grc' dir='ltr'>,,πρός</span> <span class='ocrx_word' id='word_1_230' title='bbox 1234 1553 1273 1588; x_wconf 79' lang='grc' dir='ltr'><strong>τὰ</strong></span> <span class='ocrx_word' id='word_1_231' title='bbox 1308 1557 1456 1600; x_wconf 71' lang='grc' dir='ltr'><strong>θέατρον</strong></span> <span class='ocrx_word' id='word_1_232' title='bbox 1487 1551 1679 1598; x_wconf 65' lang='grc' dir='ltr'>βούλεσθαι</span> <span class='ocrx_word' id='word_1_233' title='bbox 1701 1556 1825 1599; x_wconf 57' lang='grc' dir='ltr'><strong>λέγειν·</strong></span> <span class='ocrx_word' id='word_1_234' title='bbox 1850 1559 2067 1591; x_wconf 77' lang='lat' dir='ltr'><strong>referendum</strong></span> <span class='ocrx_word' id='word_1_235' title='bbox 2091 1569 2181 1599; x_wconf 90' lang='lat' dir='ltr'><strong>esse,</strong></span> <span class='ocrx_word' id='word_1_236' title='bbox 2217 1559 2419 1599; x_wconf 89' lang='lat' dir='ltr'><strong>praesertim</strong></span> <span class='ocrx_word' id='word_1_237' title='bbox 2444 1569 2544 1599; x_wconf 83' lang='lat' dir='ltr'><strong>quum</strong></span> 
     </span>
     <span class='ocr_line' id='line_1_20' title="bbox 265 1618 2543 1666; baseline 0 -11"><span class='ocrx_word' id='word_1_238' title='bbox 265 1625 354 1655; x_wconf 89' lang='lat' dir='ltr'><strong>idem</strong></span> <span class='ocrx_word' id='word_1_239' title='bbox 376 1625 501 1656; x_wconf 80' lang='lat' dir='ltr'><strong>Pollux</strong></span> <span class='ocrx_word' id='word_1_240' title='bbox 534 1623 673 1654; x_wconf 82' lang='lat' dir='ltr'><strong>disertis</strong></span> <span class='ocrx_word' id='word_1_241' title='bbox 707 1623 819 1654; x_wconf 84' lang='lat' dir='ltr'><strong>verbis</strong></span> <span class='ocrx_word' id='word_1_242' title='bbox 843 1623 1001 1661; x_wconf 78' lang='lat' dir='ltr'><strong>affirmet,</strong></span> <span class='ocrx_word' id='word_1_243' title='bbox 1028 1622 1215 1661; x_wconf 84' lang='lat' dir='ltr'><strong>parabasim</strong></span> <span class='ocrx_word' id='word_1_244' title='bbox 1238 1623 1278 1653; x_wconf 90' lang='lat' dir='ltr'><strong>ad</strong></span> <span class='ocrx_word' id='word_1_245' title='bbox 1304 1622 1513 1663; x_wconf 75' lang='lat' dir='ltr'><strong>tragoediam</strong></span> <span class='ocrx_word' id='word_1_246' title='bbox 1537 1631 1607 1653; x_wconf 90' lang='lat' dir='ltr'><strong>non</strong></span> <span class='ocrx_word' id='word_1_247' title='bbox 1630 1622 1819 1663; x_wconf 82' lang='lat' dir='ltr'><strong>pertinere,</strong></span> <span class='ocrx_word' id='word_1_248' title='bbox 1849 1618 2031 1666; x_wconf 58' lang='lat' dir='ltr'><strong>‚ft-parmis</strong></span> <span class='ocrx_word' id='word_1_249' title='bbox 2054 1622 2090 1656; x_wconf 75' lang='grc' dir='ltr'><strong>δὲ</strong></span> <span class='ocrx_word' id='word_1_250' title='bbox 2111 1618 2170 1655; x_wconf 67' lang='grc' dir='ltr'><strong>οἷοι</strong></span> <span class='ocrx_word' id='word_1_251' title='bbox 2191 1624 2311 1656; x_wconf 59' lang='grc' dir='ltr'><strong>ἔπινέ·</strong></span> <span class='ocrx_word' id='word_1_252' title='bbox 2367 1625 2434 1656; x_wconf 87' lang='lat' dir='ltr'><strong>Sed</strong></span> <span class='ocrx_word' id='word_1_253' title='bbox 2457 1625 2543 1656; x_wconf 86' lang='lat' dir='ltr'><strong>illud</strong></span> 
     </span>
     <span class='ocr_line' id='line_1_21' title="bbox 266 1686 2545 1732; baseline 0.001 -11"><span class='ocrx_word' id='word_1_254' title='bbox 266 1690 519 1722; x_wconf 88' lang='lat' dir='ltr'><strong>concedendum</strong></span> <span class='ocrx_word' id='word_1_255' title='bbox 542 1692 609 1729; x_wconf 89' lang='lat' dir='ltr'><strong>est,</strong></span> <span class='ocrx_word' id='word_1_256' title='bbox 644 1688 786 1718; x_wconf 85' lang='lat' dir='ltr'><strong>chorum</strong></span> <span class='ocrx_word' id='word_1_257' title='bbox 810 1687 978 1728; x_wconf 81' lang='lat' dir='ltr'><strong>tragicum</strong></span> <span class='ocrx_word' id='word_1_258' title='bbox 1001 1696 1243 1727; x_wconf 84' lang='lat' dir='ltr'><strong>nonnunquam</strong></span> <span class='ocrx_word' id='word_1_259' title='bbox 1268 1688 1309 1718; x_wconf 89' lang='lat' dir='ltr'><strong>de</strong></span> <span class='ocrx_word' id='word_1_260' title='bbox 1333 1690 1435 1727; x_wconf 88' lang='lat' dir='ltr'><strong>poeta</strong></span> <span class='ocrx_word' id='word_1_261' title='bbox 1461 1686 1601 1726; x_wconf 83' lang='lat' dir='ltr'><strong>ejusque</strong></span> <span class='ocrx_word' id='word_1_262' title='bbox 1625 1688 1725 1718; x_wconf 87' lang='lat' dir='ltr'><strong>rebus</strong></span> <span class='ocrx_word' id='word_1_263' title='bbox 1747 1688 1789 1718; x_wconf 90' lang='lat' dir='ltr'><strong>ad</strong></span> <span class='ocrx_word' id='word_1_264' title='bbox 1814 1691 2026 1727; x_wconf 80' lang='lat' dir='ltr'><strong>spectatores</strong></span> <span class='ocrx_word' id='word_1_265' title='bbox 2050 1690 2154 1720; x_wconf 82' lang='lat' dir='ltr'><strong>verba</strong></span> <span class='ocrx_word' id='word_1_266' title='bbox 2176 1689 2312 1732; x_wconf 75' lang='lat' dir='ltr'><strong>fecisse,</strong></span> <span class='ocrx_word' id='word_1_267' title='bbox 2343 1699 2445 1730; x_wconf 79' lang='lat' dir='ltr'><strong>quum</strong></span> <span class='ocrx_word' id='word_1_268' title='bbox 2468 1691 2545 1723; x_wconf 82' lang='lat' dir='ltr'><strong>loco</strong></span> 
     </span>
     <span class='ocr_line' id='line_1_22' title="bbox 265 1751 2545 1791; baseline 0.001 -7"><span class='ocrx_word' id='word_1_269' title='bbox 265 1755 414 1785; x_wconf 84' lang='lat' dir='ltr'><strong>Pollucis</strong></span> <span class='ocrx_word' id='word_1_270' title='bbox 437 1754 537 1784; x_wconf 86' lang='lat' dir='ltr'><strong>modo</strong></span> <span class='ocrx_word' id='word_1_271' title='bbox 560 1754 666 1782; x_wconf 85' lang='lat' dir='ltr'><strong>allato</strong></span> <span class='ocrx_word' id='word_1_272' title='bbox 691 1753 866 1790; x_wconf 83' lang='lat' dir='ltr'><strong>probetur,</strong></span> <span class='ocrx_word' id='word_1_273' title='bbox 888 1756 923 1782; x_wconf 89' lang='lat' dir='ltr'><strong>et</strong></span> <span class='ocrx_word' id='word_1_274' title='bbox 947 1753 1116 1782; x_wconf 82' lang='lat' dir='ltr'><strong>Athenaei</strong></span> <span class='ocrx_word' id='word_1_275' title='bbox 1140 1753 1237 1781; x_wconf 81' lang='lat' dir='ltr'><strong>Xlll.</strong></span> <span class='ocrx_word' id='word_1_276' title='bbox 1265 1751 1327 1785; x_wconf 75' lang='lat'><strong>592</strong></span> <span class='ocrx_word' id='word_1_277' title='bbox 1353 1753 1383 1781; x_wconf 89' lang='lat' dir='ltr'><strong>b.</strong></span> <span class='ocrx_word' id='word_1_278' title='bbox 1407 1752 1606 1782; x_wconf 85' lang='lat' dir='ltr'><strong>testimonio</strong></span> <span class='ocrx_word' id='word_1_279' title='bbox 1629 1753 1864 1791; x_wconf 79' lang='lat' dir='ltr'><strong>confirmetur,</strong></span> <span class='ocrx_word' id='word_1_280' title='bbox 1899 1753 1956 1782; x_wconf 87' lang='lat' dir='ltr'><strong>ubi</strong></span> <span class='ocrx_word' id='word_1_281' title='bbox 1990 1753 2192 1791; x_wconf 73' lang='lat' dir='ltr'><strong>Sophoclem</strong></span> <span class='ocrx_word' id='word_1_282' title='bbox 2225 1764 2342 1785; x_wconf 84' lang='lat' dir='ltr'><strong>senem</strong></span> <span class='ocrx_word' id='word_1_283' title='bbox 2365 1755 2545 1788; x_wconf 74' lang='lat' dir='ltr'><strong>Theoi-idle</strong></span> 
     </span>
     <span class='ocr_line' id='line_1_23' title="bbox 266 1814 2546 1862; baseline 0 -14"><span class='ocrx_word' id='word_1_284' title='bbox 266 1817 458 1848; x_wconf 86' lang='lat' dir='ltr'><strong>meretricis</strong></span> <span class='ocrx_word' id='word_1_285' title='bbox 489 1825 606 1846; x_wconf 82' lang='lat' dir='ltr'><strong>amore</strong></span> <span class='ocrx_word' id='word_1_286' title='bbox 630 1819 765 1854; x_wconf 87' lang='lat' dir='ltr'><strong>captum</strong></span> <span class='ocrx_word' id='word_1_287' title='bbox 790 1814 864 1852; x_wconf 80' lang='lat' dir='ltr'><strong>ejus</strong></span> <span class='ocrx_word' id='word_1_288' title='bbox 895 1815 930 1845; x_wconf 88' lang='lat' dir='ltr'><strong>in</strong></span> <span class='ocrx_word' id='word_1_289' title='bbox 955 1815 1096 1846; x_wconf 83' lang='lat' dir='ltr'><strong>stasimo</strong></span> <span class='ocrx_word' id='word_1_290' title='bbox 1120 1814 1166 1856; x_wconf 87' lang='lat' dir='ltr'><strong>(si</strong></span> <span class='ocrx_word' id='word_1_291' title='bbox 1192 1823 1275 1860; x_wconf 63' lang='lat' dir='ltr'><strong>vcra</strong></span> <span class='ocrx_word' id='word_1_292' title='bbox 1297 1818 1350 1845; x_wconf 88' lang='lat' dir='ltr'><strong>est</strong></span> <span class='ocrx_word' id='word_1_293' title='bbox 1374 1814 1564 1845; x_wconf 85' lang='lat' dir='ltr'><strong>casauboni</strong></span> <span class='ocrx_word' id='word_1_294' title='bbox 1593 1814 1807 1855; x_wconf 77' lang='lat' dir='ltr'><strong>conjectura)</strong></span> <span class='ocrx_word' id='word_1_295' title='bbox 1831 1815 1879 1846; x_wconf 86' lang='lat' dir='ltr'><strong>ita</strong></span> <span class='ocrx_word' id='word_1_296' title='bbox 1901 1816 2112 1848; x_wconf 84' lang='lat' dir='ltr'><strong>mentionem</strong></span> <span class='ocrx_word' id='word_1_297' title='bbox 2136 1817 2261 1849; x_wconf 78' lang='lat' dir='ltr'><strong>fecisse</strong></span> <span class='ocrx_word' id='word_1_298' title='bbox 2285 1817 2433 1858; x_wconf 80' lang='lat' dir='ltr'><strong>legitur:</strong></span> <span class='ocrx_word' id='word_1_299' title='bbox 2467 1817 2546 1862; x_wconf 75' lang='grc' dir='ltr'><strong>φίλη</strong></span> 
     </span>
     <span class='ocr_line' id='line_1_24' title="bbox 265 1876 2545 1925; baseline 0 -13"><span class='ocrx_word' id='word_1_300' title='bbox 265 1878 330 1925; x_wconf 71' lang='grc' dir='ltr'><strong>γὰρ</strong></span> <span class='ocrx_word' id='word_1_301' title='bbox 352 1876 370 1922; x_wconf 76' lang='grc' dir='ltr'><em>ἢ</em></span> <span class='ocrx_word' id='word_1_302' title='bbox 398 1879 544 1923; x_wconf 73' lang='grc' dir='ltr'><strong><em>Θεωρίςέ</em></strong></span> <span class='ocrx_word' id='word_1_303' title='bbox 591 1881 658 1909; x_wconf 81' lang='lat' dir='ltr'><strong>Res</strong></span> <span class='ocrx_word' id='word_1_304' title='bbox 682 1889 764 1910; x_wconf 88' lang='lat' dir='ltr'><strong>sane</strong></span> <span class='ocrx_word' id='word_1_305' title='bbox 788 1883 841 1910; x_wconf 87' lang='lat' dir='ltr'><strong>est</strong></span> <span class='ocrx_word' id='word_1_306' title='bbox 864 1879 951 1909; x_wconf 82' lang='lat' dir='ltr'><strong>mira</strong></span> <span class='ocrx_word' id='word_1_307' title='bbox 983 1883 1017 1910; x_wconf 90' lang='lat' dir='ltr'><strong>et</strong></span> <span class='ocrx_word' id='word_1_308' title='bbox 1045 1879 1245 1919; x_wconf 80' lang='lat' dir='ltr'><strong>singularis,</strong></span> <span class='ocrx_word' id='word_1_309' title='bbox 1281 1879 1341 1909; x_wconf 88' lang='lat' dir='ltr'><strong>sed</strong></span> <span class='ocrx_word' id='word_1_310' title='bbox 1374 1878 1509 1909; x_wconf 86' lang='lat' dir='ltr'><strong>etiamsi</strong></span> <span class='ocrx_word' id='word_1_311' title='bbox 1542 1878 1729 1916; x_wconf 85' lang='lat' dir='ltr'><strong>Sophocles</strong></span> <span class='ocrx_word' id='word_1_312' title='bbox 1751 1888 1835 1909; x_wconf 83' lang='lat' dir='ltr'><strong>vere</strong></span> <span class='ocrx_word' id='word_1_313' title='bbox 1868 1879 2008 1920; x_wconf 75' lang='lat' dir='ltr'><strong>ingenio</strong></span> <span class='ocrx_word' id='word_1_314' title='bbox 2032 1889 2094 1911; x_wconf 91' lang='lat' dir='ltr'><strong>suo</strong></span> <span class='ocrx_word' id='word_1_315' title='bbox 2118 1880 2168 1911; x_wconf 87' lang='lat' dir='ltr'><strong>ita</strong></span> <span class='ocrx_word' id='word_1_316' title='bbox 2190 1881 2347 1922; x_wconf 78' lang='lat' dir='ltr'><strong>indulsit,</strong></span> <span class='ocrx_word' id='word_1_317' title='bbox 2372 1885 2485 1913; x_wconf 74' lang='lat' dir='ltr'><strong>tamen</strong></span> <span class='ocrx_word' id='word_1_318' title='bbox 2510 1887 2545 1914; x_wconf 82' lang='lat' dir='ltr'><strong>et</strong></span> 
     </span>
     <span class='ocr_line' id='line_1_25' title="bbox 267 1943 2545 1988; baseline 0 -11"><span class='ocrx_word' id='word_1_319' title='bbox 267 1949 330 1978; x_wconf 85' lang='lat' dir='ltr'><strong>boc</strong></span> <span class='ocrx_word' id='word_1_320' title='bbox 353 1947 463 1985; x_wconf 90' lang='lat' dir='ltr'><strong>ipsum</strong></span> <span class='ocrx_word' id='word_1_321' title='bbox 482 1955 502 1975; x_wconf 84' lang='lat' dir='ltr'><strong>a</strong></span> <span class='ocrx_word' id='word_1_322' title='bbox 526 1945 700 1983; x_wconf 78' lang='lat' dir='ltr'><strong>parabasis</strong></span> <span class='ocrx_word' id='word_1_323' title='bbox 725 1946 833 1974; x_wconf 74' lang='lat' dir='ltr'><strong>forma</strong></span> <span class='ocrx_word' id='word_1_324' title='bbox 855 1943 1115 1973; x_wconf 86' lang='lat' dir='ltr'><strong>alienissimum.</strong></span> <span class='ocrx_word' id='word_1_325' title='bbox 1161 1944 1225 1973; x_wconf 82' lang='lat' dir='ltr'><strong>Sed</strong></span> <span class='ocrx_word' id='word_1_326' title='bbox 1250 1944 1339 1974; x_wconf 86' lang='lat' dir='ltr'><strong>alius</strong></span> <span class='ocrx_word' id='word_1_327' title='bbox 1363 1944 1459 1973; x_wconf 88' lang='lat' dir='ltr'><strong>locus</strong></span> <span class='ocrx_word' id='word_1_328' title='bbox 1482 1943 1650 1973; x_wconf 79' lang='lat' dir='ltr'><strong>Athenaei</strong></span> <span class='ocrx_word' id='word_1_329' title='bbox 1673 1943 1718 1972; x_wconf 84' lang='lat' dir='ltr'><strong>X.</strong></span> <span class='ocrx_word' id='word_1_330' title='bbox 1744 1945 1820 1972; x_wconf 74' lang='lat'><strong>412.</strong></span> <span class='ocrx_word' id='word_1_331' title='bbox 1843 1952 1876 1983; x_wconf 87' lang='lat' dir='ltr'><strong>a,</strong></span> <span class='ocrx_word' id='word_1_332' title='bbox 1902 1945 1959 1981; x_wconf 84' lang='lat' dir='ltr'><strong>qui</strong></span> <span class='ocrx_word' id='word_1_333' title='bbox 1983 1945 2119 1974; x_wconf 88' lang='lat' dir='ltr'><strong>maximi</strong></span> <span class='ocrx_word' id='word_1_334' title='bbox 2138 1946 2298 1977; x_wconf 88' lang='lat' dir='ltr'><strong>momenti</strong></span> <span class='ocrx_word' id='word_1_335' title='bbox 2318 1950 2386 1988; x_wconf 84' lang='lat' dir='ltr'><strong>est,</strong></span> <span class='ocrx_word' id='word_1_336' title='bbox 2406 1948 2545 1979; x_wconf 88' lang='lat' dir='ltr'><strong>demon—</strong></span> 
     </span>
     <span class='ocr_line' id='line_1_26' title="bbox 266 2006 2544 2048; baseline 0 -7"><span class='ocrx_word' id='word_1_337' title='bbox 266 2014 378 2041; x_wconf 86' lang='lat' dir='ltr'><strong>strare</strong></span> <span class='ocrx_word' id='word_1_338' title='bbox 411 2010 560 2048; x_wconf 83' lang='lat' dir='ltr'><strong>videtur,</strong></span> <span class='ocrx_word' id='word_1_339' title='bbox 607 2008 668 2038; x_wconf 79' lang='lat' dir='ltr'><strong>sub</strong></span> <span class='ocrx_word' id='word_1_340' title='bbox 703 2007 831 2039; x_wconf 83' lang='lat' dir='ltr'><strong>veteris</strong></span> <span class='ocrx_word' id='word_1_341' title='bbox 855 2006 1051 2038; x_wconf 86' lang='lat' dir='ltr'><strong>comoediae</strong></span> <span class='ocrx_word' id='word_1_342' title='bbox 1082 2006 1194 2046; x_wconf 80' lang='lat' dir='ltr'><strong>finem,</strong></span> <span class='ocrx_word' id='word_1_343' title='bbox 1224 2007 1354 2037; x_wconf 88' lang='lat' dir='ltr'><strong>mediae</strong></span> <span class='ocrx_word' id='word_1_344' title='bbox 1389 2006 1539 2044; x_wconf 84' lang='lat' dir='ltr'><strong>initium,</strong></span> <span class='ocrx_word' id='word_1_345' title='bbox 1575 2015 1641 2045; x_wconf 87' lang='lat' dir='ltr'><strong>quo</strong></span> <span class='ocrx_word' id='word_1_346' title='bbox 1675 2006 1769 2046; x_wconf 80' lang='lat' dir='ltr'><strong>ipsae</strong></span> <span class='ocrx_word' id='word_1_347' title='bbox 1792 2007 1987 2038; x_wconf 88' lang='lat' dir='ltr'><strong>comoediae</strong></span> <span class='ocrx_word' id='word_1_348' title='bbox 2020 2008 2095 2039; x_wconf 90' lang='lat' dir='ltr'><strong>siue</strong></span> <span class='ocrx_word' id='word_1_349' title='bbox 2126 2009 2280 2047; x_wconf 84' lang='lat' dir='ltr'><strong>parabasi</strong></span> <span class='ocrx_word' id='word_1_350' title='bbox 2312 2010 2427 2042; x_wconf 87' lang='lat' dir='ltr'><strong>doceri</strong></span> <span class='ocrx_word' id='word_1_351' title='bbox 2458 2011 2544 2042; x_wconf 86' lang='lat' dir='ltr'><strong>inci-</strong></span> 
     </span>
     <span class='ocr_line' id='line_1_27' title="bbox 268 2060 2545 2117; baseline 0.001 -12"><span class='ocrx_word' id='word_1_352' title='bbox 268 2075 418 2115; x_wconf 85' lang='lat' dir='ltr'><strong>piebant,</strong></span> <span class='ocrx_word' id='word_1_353' title='bbox 443 2073 652 2114; x_wconf 71' lang='lat' dir='ltr'><strong>tragoediam</strong></span> <span class='ocrx_word' id='word_1_354' title='bbox 678 2081 752 2102; x_wconf 86' lang='lat' dir='ltr'><strong>eam</strong></span> <span class='ocrx_word' id='word_1_355' title='bbox 776 2071 961 2110; x_wconf 84' lang='lat' dir='ltr'><strong>recepisse.</strong></span> <span class='ocrx_word' id='word_1_356' title='bbox 1006 2072 1093 2101; x_wconf 86' lang='lat' dir='ltr'><strong>Sunt</strong></span> <span class='ocrx_word' id='word_1_357' title='bbox 1119 2072 1221 2101; x_wconf 86' lang='lat' dir='ltr'><strong>verba</strong></span> <span class='ocrx_word' id='word_1_358' title='bbox 1246 2071 1498 2110; x_wconf 83' lang='lat' dir='ltr'><strong>Astydamantis</strong></span> <span class='ocrx_word' id='word_1_359' title='bbox 1522 2070 1678 2112; x_wconf 83' lang='lat' dir='ltr'><strong>minoris,</strong></span> <span class='ocrx_word' id='word_1_360' title='bbox 1703 2071 1827 2111; x_wconf 75' lang='lat' dir='ltr'><strong>tragici</strong></span> <span class='ocrx_word' id='word_1_361' title='bbox 1851 2080 1893 2102; x_wconf 88' lang='lat' dir='ltr'><strong>ex</strong></span> <span class='ocrx_word' id='word_1_362' title='bbox 1914 2060 2072 2112; x_wconf 76' lang='lat' dir='ltr'><strong>Aeschyli</strong></span> <span class='ocrx_word' id='word_1_363' title='bbox 2097 2072 2276 2112; x_wconf 87' lang='lat' dir='ltr'><strong>disciplina</strong></span> <span class='ocrx_word' id='word_1_364' title='bbox 2295 2075 2454 2116; x_wconf 77' lang='lat' dir='ltr'><strong>profecti,</strong></span> <span class='ocrx_word' id='word_1_365' title='bbox 2487 2076 2545 2117; x_wconf 74' lang='lat' dir='ltr'><strong>(cf.</strong></span> 
     </span>
     <span class='ocr_line' id='line_1_28' title="bbox 269 2137 2544 2177; baseline 0.001 -7"><span class='ocrx_word' id='word_1_366' title='bbox 269 2141 390 2170; x_wconf 85' lang='lat' dir='ltr'><strong>Suidas</strong></span> <span class='ocrx_word' id='word_1_367' title='bbox 414 2144 449 2170; x_wconf 91' lang='lat' dir='ltr'><strong>et</strong></span> <span class='ocrx_word' id='word_1_368' title='bbox 478 2140 630 2170; x_wconf 84' lang='lat' dir='ltr'><strong>Eudocia</strong></span> <span class='ocrx_word' id='word_1_369' title='bbox 655 2140 687 2168; x_wconf 87' lang='lat' dir='ltr'><strong>h.</strong></span> <span class='ocrx_word' id='word_1_370' title='bbox 715 2148 746 2168; x_wconf 84' lang='lat' dir='ltr'><strong>v.</strong></span> <span class='ocrx_word' id='word_1_371' title='bbox 770 2138 912 2168; x_wconf 86' lang='lat' dir='ltr'><strong>Diodor.</strong></span> <span class='ocrx_word' id='word_1_372' title='bbox 935 2138 1003 2167; x_wconf 87' lang='lat' dir='ltr'><strong>Sic.</strong></span> <span class='ocrx_word' id='word_1_373' title='bbox 1035 2138 1127 2166; x_wconf 82' lang='lat' dir='ltr'><strong>xlv.</strong></span> <span class='ocrx_word' id='word_1_374' title='bbox 1151 2148 1182 2175; x_wconf 86' lang='lat' dir='ltr'><strong>p.</strong></span> <span class='ocrx_word' id='word_1_375' title='bbox 1206 2140 1283 2167; x_wconf 77' lang='lat'><strong>420.</strong></span> <span class='ocrx_word' id='word_1_376' title='bbox 1315 2137 1491 2168; x_wconf 84' lang='lat' dir='ltr'><strong>Fabricius</strong></span> <span class='ocrx_word' id='word_1_377' title='bbox 1526 2138 1566 2167; x_wconf 84' lang='grc' dir='ltr'><strong>ΙΙ,</strong></span> <span class='ocrx_word' id='word_1_378' title='bbox 1597 2138 1679 2176; x_wconf 79' lang='grc'>289)</span> <span class='ocrx_word' id='word_1_379' title='bbox 1718 2147 1805 2175; x_wconf 87' lang='lat' dir='ltr'><strong>quae</strong></span> <span class='ocrx_word' id='word_1_380' title='bbox 1844 2142 1879 2168; x_wconf 85' lang='lat' dir='ltr'><strong>et</strong></span> <span class='ocrx_word' id='word_1_381' title='bbox 1909 2143 2112 2177; x_wconf 75' lang='lat' dir='ltr'><strong>argumento</strong></span> <span class='ocrx_word' id='word_1_382' title='bbox 2146 2144 2183 2170; x_wconf 85' lang='lat' dir='ltr'><strong>et</strong></span> <span class='ocrx_word' id='word_1_383' title='bbox 2213 2141 2321 2171; x_wconf 79' lang='lat' dir='ltr'><strong>forms</strong></span> <span class='ocrx_word' id='word_1_384' title='bbox 2352 2142 2476 2173; x_wconf 83' lang='lat' dir='ltr'><strong>mirum</strong></span> <span class='ocrx_word' id='word_1_385' title='bbox 2510 2144 2544 2173; x_wconf 76' lang='lat' dir='ltr'><strong>ia</strong></span> 
     </span>
     <span class='ocr_line' id='line_1_29' title="bbox 268 2200 2545 2245; baseline 0.001 -9"><span class='ocrx_word' id='word_1_386' title='bbox 268 2204 399 2236; x_wconf 88' lang='lat' dir='ltr'><strong>modum</strong></span> <span class='ocrx_word' id='word_1_387' title='bbox 423 2214 500 2235; x_wconf 83' lang='lat' dir='ltr'><strong>cum</strong></span> <span class='ocrx_word' id='word_1_388' title='bbox 523 2202 677 2243; x_wconf 76' lang='lat' dir='ltr'><strong>pal-abasi</strong></span> <span class='ocrx_word' id='word_1_389' title='bbox 702 2202 889 2234; x_wconf 85' lang='lat' dir='ltr'><strong>convenire</strong></span> <span class='ocrx_word' id='word_1_390' title='bbox 913 2200 1085 2232; x_wconf 84' lang='lat' dir='ltr'><strong>videntur.</strong></span> <span class='ocrx_word' id='word_1_391' title='bbox 1139 2201 1223 2231; x_wconf 87' lang='lat' dir='ltr'><strong>Nam</strong></span> <span class='ocrx_word' id='word_1_392' title='bbox 1248 2201 1277 2232; x_wconf 90' lang='lat' dir='ltr'><strong>si</strong></span> <span class='ocrx_word' id='word_1_393' title='bbox 1298 2200 1395 2233; x_wconf 89' lang='lat' dir='ltr'><strong>binos</strong></span> <span class='ocrx_word' id='word_1_394' title='bbox 1418 2210 1552 2241; x_wconf 84' lang='lat' dir='ltr'><strong>versus,</strong></span> <span class='ocrx_word' id='word_1_395' title='bbox 1587 2201 1706 2240; x_wconf 81' lang='lat' dir='ltr'><strong>quales</strong></span> <span class='ocrx_word' id='word_1_396' title='bbox 1729 2201 1833 2242; x_wconf 73' lang='lat' dir='ltr'><strong>vulgo</strong></span> <span class='ocrx_word' id='word_1_397' title='bbox 1856 2202 2074 2243; x_wconf 80' lang='lat' dir='ltr'><strong>exhibentur,</strong></span> <span class='ocrx_word' id='word_1_398' title='bbox 2099 2202 2335 2245; x_wconf 85' lang='lat' dir='ltr'><strong>conjunxeris,</strong></span> <span class='ocrx_word' id='word_1_399' title='bbox 2368 2206 2545 2245; x_wconf 84' lang='lat' dir='ltr'><strong>perpaucis</strong></span> 
     </span>
     <span class='ocr_line' id='line_1_30' title="bbox 268 2264 2544 2307; baseline 0.001 -7"><span class='ocrx_word' id='word_1_400' title='bbox 268 2268 406 2300; x_wconf 80' lang='lat' dir='ltr'><strong>mutatis</strong></span> <span class='ocrx_word' id='word_1_401' title='bbox 429 2271 575 2299; x_wconf 84' lang='lat' dir='ltr'><strong>metrum</strong></span> <span class='ocrx_word' id='word_1_402' title='bbox 598 2267 767 2298; x_wconf 79' lang='lat' dir='ltr'><strong>efficietur</strong></span> <span class='ocrx_word' id='word_1_403' title='bbox 790 2265 1032 2305; x_wconf 83' lang='lat' dir='ltr'><strong>Eupolideum‚</strong></span> <span class='ocrx_word' id='word_1_404' title='bbox 1068 2264 1102 2294; x_wconf 84' lang='lat' dir='ltr'><strong>id</strong></span> <span class='ocrx_word' id='word_1_405' title='bbox 1125 2266 1212 2303; x_wconf 83' lang='lat' dir='ltr'><strong>quod</strong></span> <span class='ocrx_word' id='word_1_406' title='bbox 1237 2274 1257 2296; x_wconf 85' lang='lat' dir='ltr'><strong>a</strong></span> <span class='ocrx_word' id='word_1_407' title='bbox 1280 2265 1415 2296; x_wconf 78' lang='lat' dir='ltr'><strong>nemine</strong></span> <span class='ocrx_word' id='word_1_408' title='bbox 1447 2265 1568 2306; x_wconf 85' lang='lat' dir='ltr'><strong>adhuc,</strong></span> <span class='ocrx_word' id='word_1_409' title='bbox 1603 2268 1764 2305; x_wconf 80' lang='lat' dir='ltr'><strong>quantum</strong></span> <span class='ocrx_word' id='word_1_410' title='bbox 1799 2266 1953 2305; x_wconf 78' lang='lat' dir='ltr'><strong>equidem</strong></span> <span class='ocrx_word' id='word_1_411' title='bbox 1987 2266 2074 2305; x_wconf 83' lang='lat' dir='ltr'><strong>scio,</strong></span> <span class='ocrx_word' id='word_1_412' title='bbox 2106 2271 2321 2307; x_wconf 86' lang='lat' dir='ltr'><strong>perspectum</strong></span> <span class='ocrx_word' id='word_1_413' title='bbox 2355 2277 2431 2301; x_wconf 89' lang='lat' dir='ltr'><strong>esse</strong></span> <span class='ocrx_word' id='word_1_414' title='bbox 2454 2279 2544 2303; x_wconf 83' lang='lat' dir='ltr'><strong>sum-</strong></span> 
     </span>
     <span class='ocr_line' id='line_1_31' title="bbox 267 2330 1145 2372; baseline -0.005 -8"><span class='ocrx_word' id='word_1_415' title='bbox 267 2342 403 2372; x_wconf 87' lang='lat' dir='ltr'><strong>mopere</strong></span> <span class='ocrx_word' id='word_1_416' title='bbox 427 2333 555 2369; x_wconf 86' lang='lat' dir='ltr'><strong>miror;</strong></span> <span class='ocrx_word' id='word_1_417' title='bbox 580 2341 699 2363; x_wconf 86' lang='lat' dir='ltr'><strong>versus</strong></span> <span class='ocrx_word' id='word_1_418' title='bbox 720 2333 769 2363; x_wconf 80' lang='lat' dir='ltr'><strong>ita</strong></span> <span class='ocrx_word' id='word_1_419' title='bbox 791 2330 1024 2362; x_wconf 80' lang='lat' dir='ltr'><strong>constituendi</strong></span> <span class='ocrx_word' id='word_1_420' title='bbox 1047 2333 1145 2360; x_wconf 84' lang='lat' dir='ltr'><strong>sunt:</strong></span> 
     </span>
    </p>
   </div>
   <div class='ocr_carea' id='block_1_5' title="bbox 882 2567 1822 2814">
    <p class='ocr_par' dir='ltr' id='par_1_6' title="bbox 882 2567 1822 2814">
     <span class='ocr_line' id='line_1_32' title="bbox 887 2567 1794 2618; baseline -0.001 -11"><span class='ocrx_word' id='word_1_421' title='bbox 887 2569 975 2607; x_wconf 71' lang='grc' dir='ltr'><strong>Ἀλλ’</strong></span> <span class='ocrx_word' id='word_1_422' title='bbox 1000 2567 1106 2618; x_wconf 67' lang='grc' dir='ltr'><strong><em>ὥςπερ</em></strong></span> <span class='ocrx_word' id='word_1_423' title='bbox 1129 2572 1261 2605; x_wconf 78' lang='grc' dir='ltr'><strong><em>δείπνου</em></strong></span> <span class='ocrx_word' id='word_1_424' title='bbox 1280 2570 1451 2617; x_wconf 64' lang='grc' dir='ltr'><strong>γλαφυροῦ</strong></span> <span class='ocrx_word' id='word_1_425' title='bbox 1469 2572 1618 2615; x_wconf 72' lang='grc' dir='ltr'><strong>ποικίλην</strong></span> <span class='ocrx_word' id='word_1_426' title='bbox 1639 2568 1794 2616; x_wconf 65' lang='grc' dir='ltr'><strong>εὖυχίαν,</strong></span> 
     </span>
     <span class='ocr_line' id='line_1_33' title="bbox 886 2634 1818 2682; baseline -0.001 -11"><span class='ocrx_word' id='word_1_427' title='bbox 886 2636 944 2671; x_wconf 74' lang='grc' dir='ltr'><strong>τὸν</strong></span> <span class='ocrx_word' id='word_1_428' title='bbox 965 2634 1102 2680; x_wconf 77' lang='grc' dir='ltr'><em>ποιητὴν</em></span> <span class='ocrx_word' id='word_1_429' title='bbox 1124 2638 1173 2670; x_wconf 76' lang='grc' dir='ltr'><strong>δεῖ</strong></span> <span class='ocrx_word' id='word_1_430' title='bbox 1194 2638 1351 2680; x_wconf 72' lang='grc' dir='ltr'><strong>παρέχειν</strong></span> <span class='ocrx_word' id='word_1_431' title='bbox 1372 2639 1439 2673; x_wconf 79' lang='grc' dir='ltr'>τοῖς</span> <span class='ocrx_word' id='word_1_432' title='bbox 1464 2640 1609 2674; x_wconf 71' lang='grc' dir='ltr'><strong>θεαταῖς</strong></span> <span class='ocrx_word' id='word_1_433' title='bbox 1625 2635 1682 2670; x_wconf 77' lang='grc' dir='ltr'><strong>τὸν</strong></span> <span class='ocrx_word' id='word_1_434' title='bbox 1703 2634 1818 2682; x_wconf 71' lang='grc' dir='ltr'><strong><em>σοφόν,</em></strong></span> 
     </span>
     <span class='ocr_line' id='line_1_34' title="bbox 882 2696 1822 2748; baseline -0.002 -12"><span class='ocrx_word' id='word_1_435' title='bbox 882 2697 924 2736; x_wconf 74' lang='lat' dir='ltr'><strong>t&#39;v&#39;</strong></span> <span class='ocrx_word' id='word_1_436' title='bbox 957 2697 1037 2745; x_wconf 64' lang='grc' dir='ltr'><strong>ἇτῒη</strong></span> <span class='ocrx_word' id='word_1_437' title='bbox 1058 2713 1108 2740; x_wconf 79' lang='grc' dir='ltr'><strong>τις</strong></span> <span class='ocrx_word' id='word_1_438' title='bbox 1126 2700 1225 2735; x_wconf 75' lang='grc' dir='ltr'><strong>τοῦτο</strong></span> <span class='ocrx_word' id='word_1_439' title='bbox 1244 2696 1356 2744; x_wconf 69' lang='grc' dir='ltr'><strong><em>λαβών</em></strong></span> <span class='ocrx_word' id='word_1_440' title='bbox 1376 2712 1434 2734; x_wconf 72' lang='grc' dir='ltr'><strong>και</strong></span> <span class='ocrx_word' id='word_1_441' title='bbox 1456 2696 1540 2734; x_wconf 67' lang='grc' dir='ltr'><strong>πιών</strong></span> <span class='ocrx_word' id='word_1_442' title='bbox 1558 2713 1594 2735; x_wconf 84' lang='grc' dir='ltr'><strong>τε</strong></span> <span class='ocrx_word' id='word_1_443' title='bbox 1617 2701 1676 2735; x_wconf 76' lang='grc' dir='ltr'><strong>καὶ</strong></span> <span class='ocrx_word' id='word_1_444' title='bbox 1697 2698 1822 2748; x_wconf 75' lang='grc' dir='ltr'><em>φαγών,</em></span> 
     </span>
     <span class='ocr_line' id='line_1_35' title="bbox 889 2760 1792 2814; baseline -0.001 -15"><span class='ocrx_word' id='word_1_445' title='bbox 889 2763 916 2811; x_wconf 67' lang='grc' dir='ltr'><em>ᾦ</em></span> <span class='ocrx_word' id='word_1_446' title='bbox 935 2769 1063 2814; x_wconf 67' lang='grc' dir='ltr'><strong><em>χαίρει,</em></strong></span> <span class='ocrx_word' id='word_1_447' title='bbox 1092 2767 1150 2814; x_wconf 57' lang='lat' dir='ltr'><strong>aaz}</strong></span> <span class='ocrx_word' id='word_1_448' title='bbox 1175 2766 1334 2799; x_wconf 72' lang='grc' dir='ltr'><strong><em>σκευασία</em></strong></span> <span class='ocrx_word' id='word_1_449' title='bbox 1355 2762 1401 2809; x_wconf 71' lang='grc' dir='ltr'><strong>μὴ</strong></span> <span class='ocrx_word' id='word_1_450' title='bbox 1424 2760 1477 2810; x_wconf 69' lang='grc' dir='ltr'><strong>μί’</strong></span> <span class='ocrx_word' id='word_1_451' title='bbox 1502 2762 1522 2811; x_wconf 74' lang='grc' dir='ltr'><em>ᾗ</em></span> <span class='ocrx_word' id='word_1_452' title='bbox 1543 2765 1601 2809; x_wconf 72' lang='grc' dir='ltr'><strong>τῆς</strong></span> <span class='ocrx_word' id='word_1_453' title='bbox 1624 2766 1792 2810; x_wconf 75' lang='grc' dir='ltr'><strong><em>μουσικῆς.</em></strong></span> 
     </span>
    </p>
   </div>
   <div class='ocr_carea' id='block_1_6' title="bbox 274 2884 2543 2992">
    <p class='ocr_par' dir='ltr' id='par_1_7' title="bbox 274 2884 2543 2992">
     <span class='ocr_line' id='line_1_36' title="bbox 274 2884 2081 2928; baseline -0.002 -9"><span class='ocrx_word' id='word_1_454' title='bbox 274 2889 323 2920; x_wconf 85' lang='lat' dir='ltr'><strong>De</strong></span> <span class='ocrx_word' id='word_1_455' title='bbox 348 2889 587 2928; x_wconf 78' lang='lat' dir='ltr'><strong>Astydamante</strong></span> <span class='ocrx_word' id='word_1_456' title='bbox 610 2887 743 2927; x_wconf 78' lang='lat' dir='ltr'><strong>tragico</strong></span> <span class='ocrx_word' id='word_1_457' title='bbox 771 2895 841 2918; x_wconf 89' lang='lat' dir='ltr'><strong>non</strong></span> <span class='ocrx_word' id='word_1_458' title='bbox 862 2886 1103 2927; x_wconf 73' lang='lat' dir='ltr'><strong>negligendum</strong></span> <span class='ocrx_word' id='word_1_459' title='bbox 1128 2885 1284 2917; x_wconf 72' lang='lat' dir='ltr'><strong>Alexidis</strong></span> <span class='ocrx_word' id='word_1_460' title='bbox 1307 2884 1461 2917; x_wconf 88' lang='lat' dir='ltr'><strong>comoedi</strong></span> <span class='ocrx_word' id='word_1_461' title='bbox 1479 2884 1647 2923; x_wconf 76' lang='lat' dir='ltr'><strong>judicium</strong></span> <span class='ocrx_word' id='word_1_462' title='bbox 1669 2886 1756 2924; x_wconf 85' lang='lat' dir='ltr'><strong>apud</strong></span> <span class='ocrx_word' id='word_1_463' title='bbox 1783 2887 1904 2917; x_wconf 73' lang='lat' dir='ltr'><strong>Athen.</strong></span> <span class='ocrx_word' id='word_1_464' title='bbox 1932 2888 1955 2916; x_wconf 93' lang='grc' dir='ltr'><strong>Ι.</strong></span> <span class='ocrx_word' id='word_1_465' title='bbox 1981 2888 2032 2917; x_wconf 71' lang='grc'><strong>38.</strong></span> <span class='ocrx_word' id='word_1_466' title='bbox 2058 2888 2081 2917; x_wconf 74' lang='lat'><strong>1.</strong></span> 
     </span>
     <span class='ocr_line' id='line_1_37' title="bbox 330 2950 2543 2992; baseline 0.001 -10"><span class='ocrx_word' id='word_1_467' title='bbox 330 2954 412 2991; x_wconf 87' lang='lat' dir='ltr'><strong>(Sed</strong></span> <span class='ocrx_word' id='word_1_468' title='bbox 434 2953 517 2982; x_wconf 75' lang='lat' dir='ltr'><strong>haec</strong></span> <span class='ocrx_word' id='word_1_469' title='bbox 541 2953 692 2981; x_wconf 84' lang='lat' dir='ltr'><strong>indicare</strong></span> <span class='ocrx_word' id='word_1_470' title='bbox 725 2954 856 2982; x_wconf 83' lang='lat' dir='ltr'><strong>tantum</strong></span> <span class='ocrx_word' id='word_1_471' title='bbox 881 2951 1064 2992; x_wconf 82' lang='lat' dir='ltr'><strong>voluimus,</strong></span> <span class='ocrx_word' id='word_1_472' title='bbox 1099 2960 1178 2982; x_wconf 82' lang='lat' dir='ltr'><strong>mox</strong></span> <span class='ocrx_word' id='word_1_473' title='bbox 1204 2952 1247 2981; x_wconf 88' lang='lat' dir='ltr'><strong>de</strong></span> <span class='ocrx_word' id='word_1_474' title='bbox 1277 2951 1473 2981; x_wconf 87' lang='lat' dir='ltr'><strong>comoediae</strong></span> <span class='ocrx_word' id='word_1_475' title='bbox 1497 2950 1693 2989; x_wconf 85' lang='lat' dir='ltr'><strong>primordiis</strong></span> <span class='ocrx_word' id='word_1_476' title='bbox 1725 2954 1758 2980; x_wconf 90' lang='lat' dir='ltr'><strong>et</strong></span> <span class='ocrx_word' id='word_1_477' title='bbox 1790 2952 2010 2981; x_wconf 79' lang='lat' dir='ltr'><strong>incrementis</strong></span> <span class='ocrx_word' id='word_1_478' title='bbox 2042 2953 2083 2981; x_wconf 83' lang='lat' dir='ltr'><strong>de</strong></span> <span class='ocrx_word' id='word_1_479' title='bbox 2108 2953 2168 2981; x_wconf 77' lang='lat' dir='ltr'><strong>hac</strong></span> <span class='ocrx_word' id='word_1_480' title='bbox 2192 2952 2292 2982; x_wconf 83' lang='lat' dir='ltr'><strong>etiam</strong></span> <span class='ocrx_word' id='word_1_481' title='bbox 2327 2962 2364 2982; x_wconf 91' lang='lat' dir='ltr'><strong>re</strong></span> <span class='ocrx_word' id='word_1_482' title='bbox 2389 2953 2543 2990; x_wconf 80' lang='lat' dir='ltr'><strong>pluribus</strong></span> 
     </span>
    </p>
   </div>
   <div class='ocr_carea' id='block_1_7' title="bbox 271 3018 501 3057">
    <p class='ocr_par' dir='ltr' id='par_1_8' title="bbox 271 3018 501 3057">
     <span class='ocr_line' id='line_1_38' title="bbox 271 3018 501 3057; baseline -0.013 -8"><span class='ocrx_word' id='word_1_483' title='bbox 271 3018 501 3057; x_wconf 84' lang='lat' dir='ltr'><strong>disputaturi.)</strong></span> 
     </span>
    </p>
   </div>
  </div>
 </body>
</html>
