2749 3516
1282 130 1314 187 7

107 312 271 340 versum
301 312 395 340 esse
425 306 654 347 narrantur,
682 311 707 338 e
736 296 1050 341 scholiastarum
1078 313 1207 349 more,
1241 301 1338 354 quia
1375 309 1533 355 septem
1572 308 1666 341 sunt
1706 295 1924 352 parabasis
1966 304 2107 350 partes
2145 294 2244 338 ficta
2272 310 2366 338 esse
2394 296 2490 338 inde

106 380 290 427 apparet,
325 374 433 427 quia,
471 372 514 412 id
552 371 660 427 quod
698 385 822 426 supra
856 372 1049 422 vidimus,
1085 371 1234 413 chorus
1270 374 1445 415 eandem
1475 375 1697 415 stationem
1736 374 1778 412 in
1817 372 2026 412 commatii
2063 369 2146 410 fine
2186 378 2227 410 et
2255 373 2490 425 anapaestis

106 445 335 495 obtinebat,
362 448 459 501 quia
486 460 567 486 non
597 448 814 500 perspicio,
842 447 1047 500 quomodo
1076 446 1158 486 alia
1188 461 1281 487 esse
1311 431 1489 501 potuerit
1517 451 1559 488 in
1590 449 1841 501 anapaestis,
1871 446 1954 485 alia
1984 447 2026 484 in
2055 459 2209 493 macro,
2236 459 2357 499 quum
2387 444 2490 484 haec

105 534 395 576 nonnunquam
432 534 515 561 uno
549 529 693 561 tenore
727 521 991 575 pronuntiata
1027 522 1124 571 sint,
1165 523 1262 577 quia
1296 521 1473 578 denique
1510 522 1659 563 chorus
1696 521 1749 562 ad
1787 520 1964 561 eundem
1995 519 2128 560 locum
2167 521 2210 560 in
2246 518 2415 574 stropha
2448 528 2488 559 et

106 589 375 651 antistropha>
398 593 575 639 redibat.
630 593 679 635 In
701 583 883 652 syzygiis
910 594 1240 650 epirrhematicis
1275 595 1509 651 parabasim
1537 596 1621 636 alio
1657 595 1783 636 modo
1819 595 1972 634 factam
2001 607 2096 633 esse
2124 595 2382 648 perspicuum
2411 602 2488 632 est.

105 670 153 709 In
181 671 234 710 iis
261 669 377 709 chori
404 658 477 709 illa
505 671 721 709 conversio
749 672 792 709 in
819 669 988 723 stropha
1014 669 1108 709 fieri
1137 669 1312 718 solebat,
1339 674 1381 711 in
1417 671 1692 725 epirrhemate
1730 671 1881 710 chorus
1916 678 2234 722 anapaestorum
2268 670 2487 708 stationem

105 740 335 785 obtinebat.
365 746 437 795 ²⁴)

214 818 307 860 Hac
339 819 500 860 ratione
528 818 643 860 chori
678 820 721 860 in
757 817 952 873 parabasi
982 817 1323 860 conversionibus
1354 820 1397 861 in
1434 821 1668 861 universum
1706 809 1936 861 constitutis
1976 820 2163 872 inceptae
2198 817 2488 872 disputationis

105 894 212 934 ratio
240 892 294 934 ad
323 892 510 948 singulas
548 895 640 947 ejus
667 901 807 948 partes
843 893 1073 955 accuratius
1109 893 1407 935 examinandas
1451 903 1491 934 et
1527 894 1577 960 ad
1624 902 1844 935 metrorum
1880 892 2140 948 saltandique
2168 893 2370 933 rationem
2399 891 2489 932 illo-

105 967 314 1009 strandam
334 966 459 1007 ducit.
514 958 750 1016 Commatii,
778 966 885 1021 quod
913 980 941 1006 a
971 966 1193 1007 scholiasta
1221 967 1273 1008 ad
1298 966 1425 1008 Arist.
1448 982 1559 1023 vesp.
1590 969 1695 1013 1045
1721 977 1833 1009 recte
1861 968 2112 1023 προκήρυγμα
2138 971 2207 1021 τῆς
2232 968 2487 1022 παραβάσεως

107 1050 275 1081 vocatur
312 1042 427 1094 prior
461 1055 559 1095 pars
595 1040 647 1080 ad
687 1040 910 1080 histriones
945 1039 1147 1080 abeuntes
1183 1040 1458 1096 dirigebatur,
1505 1042 1633 1082 altera
1673 1057 1699 1082 a
1734 1042 1860 1082 choro
1904 1049 2224 1094 anapaestorum
2268 1042 2486 1080 stationem

106 1106 341 1169 occupante
361 1114 596 1158 canebatur.
629 1112 701 1167 ²⁸)
754 1113 916 1155 Vocem
951 1117 1083 1168 ipsam
1120 1114 1331 1168 κομμάτιον
1367 1118 1518 1157 veteris
1556 1117 1796 1157 comoediae
1842 1117 1975 1170 poetis
2018 1129 2100 1155 non
2137 1116 2321 1169 ignotam
2357 1114 2488 1154 fnisse

106 1188 429 1243 Hephaestionis
460 1187 530 1243 ²⁸)
556 1188 649 1230 loco
678 1187 896 1229 docemur:
955 1187 1015 1232 Τὰ
1043 1187 1084 1231 δὲ
1111 1189 1190 1243 εἴδη
1217 1194 1286 1243 τῆς
1319 1190 1570 1246 παραβάσεώς
1600 1192 1670 1233 εἶσι
1698 1195 1843 1234 ταῦτα·
1880 1189 2105 1244 κομμάτιον,
2145 1188 2169 1232 ὅ
2203 1189 2273 1233 καὶ
2296 1195 2379 1237 τοῖς
2416 1206 2484 1230 πα-

106 1268 230 1312 λαιοῖς
254 1269 433 1318 ποιηταῖς
458 1262 685 1319 ὠνομάσθη,
713 1261 805 1317 φησὶ
832 1261 903 1318 γὰρ
932 1261 1129 1312 Ἐυπολις.
1679 1265 1693 1277 “

1028 1335 1155 1375 εἰωθὸς
1173 1337 1212 1370 τὸ
1235 1336 1417 1383 κομμάτιον
1435 1339 1542 1371 τοῦτο.

106 1401 325 1458 Significat
351 1401 455 1444 haec
484 1417 568 1444 vox
591 1403 737 1444 cantici
756 1401 1014 1456 particulam,
1041 1403 1152 1445 idem
1180 1404 1420 1459 tragoediae
1448 1405 1574 1459 κόμμα
1593 1406 1661 1453 ²⁷)
1690 1404 1791 1446 illud
1821 1419 1915 1448 esse
1931 1404 2109 1454 videtur,
2136 1403 2244 1461 quod
2259 1395 2484 1444 Aristotele

106 1484 211 1519 teste
249 1475 443 1521 threnum
467 1475 688 1534 signifieat,
727 1491 849 1533 quem
876 1476 1100 1521 histriones
1127 1486 1169 1521 et
1197 1477 1348 1523 chorus
1373 1493 1455 1522 una
1481 1493 1582 1521 voce
1610 1478 1831 1529 canebant,
1874 1479 1956 1522 nisi
1983 1478 2107 1533 hujus
2135 1479 2252 1521 vocis
2281 1477 2483 1532 originem

106 1566 130 1594 a
157 1552 376 1595 κόπτεσθαι
412 1553 471 1593 ita
498 1559 687 1606 repetere
712 1553 858 1602 mavis,
901 1561 946 1594 ut:
981 1554 1025 1594 in
1053 1567 1104 1594 ea
1142 1553 1326 1608 ejulandi
1360 1555 1474 1597 notio
1509 1555 1618 1595 insit.
1699 1553 1756 1595 lis
1798 1567 1902 1609 quae
1942 1562 2112 1594 exstant
2148 1553 2381 1594 commatiia
2415 1565 2485 1604 ap-

106 1634 235 1682 paret,
287 1635 462 1668 metrum
498 1640 555 1668 ex
593 1627 723 1681 ipsius
769 1628 918 1668 cantici
957 1636 1101 1670 natura
1143 1627 1377 1684 bipartitum
1418 1644 1524 1679 esse,
1557 1639 1602 1670 -et
1636 1631 1813 1684 priorem
1851 1627 1965 1669 illam
1999 1637 2158 1683 partem
2195 1625 2485 1682 προπεμπακὴυ

106 1701 255 1743 dictam
284 1715 393 1753 esse,
419 1700 549 1742 schol.
571 1702 750 1758 equitum
777 1704 873 1752 501,
900 1701 971 1743 ubi
999 1701 1218 1758 Sophoclis
1241 1702 1386 1745 Jolaus
1414 1705 1455 1746 in
1483 1705 1698 1745 commatio
1726 1704 2028 1758 perstringitur,
2055 1705 2254 1744 certiores
2277 1716 2354 1743 nos
2373 1702 2483 1742 facit.

105 1777 153 1818 In
181 1776 349 1818 nubium
377 1778 596 1817 commatio
623 1777 742 1817 verbi
772 1792 898 1818 causa
925 1780 1071 1818 tertius
1100 1793 1245 1819 versus
1271 1779 1632 1833 hephthemimeris
1669 1778 1974 1831 Aristophanen
2004 1787 2149 1832 aperte
2176 1780 2328 1832 prioris
2355 1780 2483 1832 partis

106 1852 290 1893 clausula
316 1861 394 1901 est,
422 1851 555 1892 altera
594 1852 741 1893 eodem
769 1862 901 1894 metro
929 1853 1145 1902 clauditur,
1172 1856 1215 1894 in
1241 1861 1324 1908 ‘qua
1351 1854 1402 1894 ad
1431 1855 1582 1910 aeriam
1620 1854 1731 1894 chori
1762 1862 1946 1894 naturam
1975 1853 2284 1907 depingendam
2309 1862 2484 1894 metrum

106 1925 392 1968 choriambicis
421 1927 601 1967 numeris
636 1928 830 1981 assurgit,
867 1926 1015 1982 quibus
1055 1927 1204 1969 chorus
1240 1927 1546 1969 vehementiore
1572 1926 1701 1982 gradu
1732 1926 1930 1968 incedens
1958 1927 2018 1967 uti
2055 1926 2176 1967 solet.
2259 1926 2306 1967 ln
2344 1927 2483 1966 avium

106 2001 325 2042 commatio
358 2000 574 2056 glyconeis
603 2001 786 2042 numeris
824 2002 1049 2043 maximam
1081 2012 1239 2057 partem
1275 2003 1503 2056 conscripto
1540 2001 1646 2042 duae
1683 2001 1762 2042 hae
1791 2010 1930 2055 partes
1952 2016 2032 2043 non
2063 2011 2146 2042 tam
2176 2010 2366 2043 accurate
2403 2000 2483 2040 dis-

106 2077 243 2116 scerni
269 2083 454 2130 possunt,
483 2075 557 2116 sed
587 2088 668 2115 non
698 2074 843 2116 dubito
871 2077 967 2130 quin
987 2090 1133 2117 versus
1160 2086 1306 2119 sextus
1332 2076 1554 2132 glyconeus
1580 2077 1728 2130 prioris
1756 2076 1940 2117 clausula
1968 2067 2033 2118 sit.
2089 2075 2211 2116 Pacis
2238 2077 2482 2116 communion

106 2152 283 2204 quinque
309 2151 535 2191 tetrametri
563 2151 818 2203 anapaestici
849 2149 1049 2200 efficiunt,
1081 2151 1155 2192 sed
1185 2151 1236 2192 de
1262 2151 1346 2192 hoc
1369 2160 1412 2192 et
1438 2150 1818 2204 thesmophororum
1847 2150 2041 2203 parabasi
2069 2151 2177 2192 infra
2205 2148 2390 2204 pluribus
2424 2148 2483 2188 di·

105 2225 279 2267 cendum
309 2226 400 2269 erit.
455 2224 716 2267 Pherecratis
745 2227 950 2267 commatii
978 2228 1182 2281 posterior
1210 2240 1303 2280 pars
1330 2234 1494 2267 servata
1520 2234 1583 2268 est
1611 2226 1716 2280 apud
1745 2226 1874 2267 schol.
1903 2225 1998 2267 nub.
2027 2229 2112 2272 563
2140 2235 2182 2267 et
2205 2225 2482 2280 Hephaestio-

146 2499 200 2537 ¹⁸)
223 2498 284 2530 Sin
307 2508 451 2538 quaeras
473 2509 639 2540 quaenam
662 2502 835 2540 parabasis
868 2503 978 2534 forma
1010 2503 1184 2542 antiquior
1216 2502 1273 2542 sit,
1308 2504 1421 2533 utrum
1453 2500 1562 2532 τελεία
1593 2510 1636 2531 an
1668 2502 1809 2541 syzygia
1843 2503 2120 2542 epirrhematica‚
2160 2505 2201 2533 de
2232 2504 2293 2533 hac
2323 2510 2360 2531 re
2392 2501 2480 2530 infra

215 2564 392 2595 dicendum
416 2565 498 2606 erit,
524 2565 677 2604 equidem
701 2567 788 2597 hanc
819 2565 1050 2605 antiquiorem
1081 2575 1157 2597 esse
1187 2566 1320 2607 opinor,
1356 2575 1456 2604 quum
1489 2566 1531 2596 ob
1564 2565 1820 2603 simplicitatem
1853 2568 2020 2605 quandam
2053 2576 2139 2606 quae
2169 2567 2256 2598 artis
2287 2564 2480 2606 primordiis

172 2643 178 2647 ·
214 2629 323 2669 megi·
344 2633 576 2662 consentanea
598 2631 746 2672 videtur,
771 2635 844 2663 tum
866 2633 908 2662 ab
932 2632 1122 2664 trochaicus
1145 2634 1375 2671 tetrametros,
1398 2630 1671 2669 antiquissimum
1695 2631 1781 2662 illud
1803 2634 2001 2664 comoediae
2016 2638 2162 2664 metron
2184 2631 2358 2673 (sseidoez
2381 2630 2478 2667 §taos

214 2695 289 2736 ttae
311 2701 369 2736 gut
390 2693 550 2736 sstiiogie)
573 2699 609 2726 et
630 2696 719 2726 bauti
743 2696 817 2727 scio
838 2704 883 2726 an
905 2697 1127 2727 Pherecrates
1150 2692 1331 2738 Κοριαννοῖ
1351 2695 1438 2726 banc
1463 2698 1728 2734 suapte-torum
1760 2696 1796 2726 in
1829 2697 2006 2728 comoedia
2037 2698 2270 2729 inventionem
2295 2696 2477 2735 praedicet,

222 2769 306 2798 quos
327 2760 390 2791 iuo
412 2761 486 2790 fere
507 2763 662 2799 tempore
684 2761 880 2792 comoediae
902 2761 1092 2792 vindicatos
1113 2770 1188 2791 esse
1211 2761 1346 2798 opinor.

152 2837 208 2877 ¹⁵)
235 2835 412 2868 comm-tii
435 2834 626 2867 initiun'in
646 2836 791 2867 nubibus
813 2836 919 2869 choro
942 2837 984 2867 ad
1009 2835 1238 2875 Strepsisdem
1259 2843 1427 2867 converso
1448 2835 1512 2867 hoe
1545 2838 1618 2867 est:
1654 2829 1727 2867 ἄλλ’
1757 2836 1818 2869 ἴθι
1849 2837 1977 2881 χαίρων
1999 2835 2056 2878 τῆς
2086 2831 2240 2881 Medae
2272 2837 2375 2868 εἵνεκα
2400 2829 2480 2866 ταί-

213 2910 280 2943 ιης,
306 2900 344 2932 in
366 2899 536 2939 equitibus
558 2894 630 2932 ἄλλ’
651 2901 713 2933 10·
733 2899 863 2945 χαίρων
882 2899 940 2932 καὶ
960 2895 1128 2943 πράξειας,
1151 2900 1188 2930 in
1212 2899 1325 2938 vespis
1347 2893 1420 2930 ow?
1442 2899 1492 2930 ke
1511 2899 1699 2941 χαίροντες,

152 2966 208 3007 ¹⁸)
231 2965 440 3007 Hephaestio
461 2966 486 2996 Ι.
509 2966 532 2997 1.

152 3030 208 3072 n)
231 3031 323 3062 Idem
345 3030 434 3070 apud
456 3030 630 3062 scholiast.
657 3031 876 3070 Aristophan.
900 3030 1080 3070 Lysistrat.
1100 3024 1234 3064 mdc
1255 3028 1394 3070 dicitur,
1419 3031 1508 3069 quod
1532 3030 1682 3068 ejusdem
1711 3034 1858 3073 originis
1879 3038 1941 3064 est.
