2749 3516
1366 99 1438 159 13

228 255 231 258 ·
312 241 363 287 ln
388 241 679 300 epirrhematis
706 244 1138 301 etantepirrhematis
1160 243 1245 289 fine
1268 244 1375 302 apud
1394 244 1717 302 Aristophanem
1746 246 1788 288 in
1816 246 1930 301 pacis
1946 244 2262 301 epirrhematica
2289 248 2461 304 syzygia
2484 248 2591 289 terni

204 331 350 364 versus
376 317 584 376 leguntur,
606 320 695 376 qni
718 320 772 361 iis
809 327 1000 377 tanquam
1029 320 1241 364 clansnlne
1267 320 1485 371 adduntur,
1518 323 1588 372 ⁵⁰)
1623 320 1756 377 quod,
1795 334 1920 376 quum
1948 323 1989 361 in
2009 320 2134 362 -nulla
2161 320 2247 362 alia
2287 334 2395 376 quae
2431 330 2591 376 tenpus

203 394 295 436 tulit
322 395 540 437 comoedia
566 395 721 436 factum
749 397 816 445 sit,
842 396 940 453 quid
970 396 1049 438 hoc
1075 397 1170 438 loco
1195 395 1279 437 sibi
1310 396 1422 444 velit,
1449 396 1627 437 dubitari
1654 403 1810 450 potest;
1845 396 2038 450 equidem
2066 396 2236 437 chorum
2267 397 2443 438 eandem
2466 411 2589 452 quam

202 477 328 509 antea
353 469 536 510 habebat
562 472 783 511 stationem
822 473 1005 513 tenuisse
1032 485 1274 526 persuasum
1302 471 1450 511 babeo.
1504 471 1609 511 Sunt
1636 471 1718 511 duo
1746 471 1912 511 dimetri
1947 471 2147 512 trochaici
2175 473 2408 518 acatalecti,
2446 475 2590 513 tertius

201 544 481 588 catalecticus.

307 620 392 662 Est-
418 621 545 676 igitur
579 619 799 676 parabasis
834 624 991 664 veteris
1027 621 1268 664 comoediae
1296 622 1510 673 canticum,
1551 621 1659 677 qnod
1697 636 1724 663 a
1751 622 1880 664 choro
1915 622 1970 664 ad
2006 631 2264 676 spectatores
2299 636 2505 665 converso
2532 636 2590 664 ex

200 695 332 749 ipsius
358 702 508 749 poetae
535 709 715 751 persona
742 695 988 745 canebatur,
1024 705 1067 738 et
1104 698 1199 752 ipsa
1234 697 1325 738 sine
1355 696 1437 738 ulla
1464 697 1663 739 dramatis
1690 699 1824 739 forma
1852 705 1894 738 et
1922 696 2079 746 indole,
2123 698 2204 737 nisi
2233 697 2590 751 epirrhetuaticani

200 768 314 812 illam
342 777 501 825 partem
518 770 785 813 dramaticum
805 785 900 814 esse
926 772 1100 821 dixeris,
1124 771 1375 814 dramaticae
1392 774 1632 820 comoediae
1651 776 1805 815 actioni
1826 772 2181 827 interponebatur.
2203 774 2219 797 ⁵
2232 774 2272 825 ¹)
2298 772 2591 828 Aristophanis

198 844 415 899 parabasis
442 859 502 886 ex
529 847 659 899 ipsius
686 849 780 900 ejus
808 847 1051 887 comoediae
1079 846 1220 887 indole
1247 855 1333 886 tota
1369 848 1458 888 fere
1488 850 1654 901 politica
1681 858 1759 897 est,
1808 850 1901 901 ipsa
1927 847 2185 901 singulorum
2215 849 2395 888 virorum
2423 848 2590 889 vellica·

199 920 272 966 tio,
299 933 405 974 quae
433 923 653 974 praecipue
681 923 725 961 in
752 921 1029 975 epirrhemate
1058 921 1195 962 locum
1222 920 1361 970 habet,
1388 922 1496 963 unde
1523 936 1550 962 a
1578 921 1786 963 veteribus
1819 923 1975 976 ἰαμβεῖα
2001 921 2156 963 dictum
2184 931 2262 970 est,
2289 922 2343 963 ad
2368 922 2590 977 rempubli-

198 1007 288 1034 cam
318 993 591 1044 referebatur,
630 1005 674 1037 et
709 997 751 1036 in
790 997 893 1049 ipsis
930 995 1094 1037 melicis·
1128 996 1346 1049 parabasis
1381 995 1565 1050 partibus
1601 996 1793 1051 politicus
1834 996 1908 1037 ille
1947 995 2243 1050 Aristophanis
2278 995 2494 1039 character
2528 1000 2589 1038 ita

197 1067 489 1122 praevalebat,
532 1078 576 1111 ut
612 1084 718 1126 quae
755 1070 808 1111 ad
837 1069 1092 1126 singulorum
1121 1070 1331 1112 hominum
1361 1071 1606 1121 irrisionem,
1643 1084 1748 1126 quae
1776 1070 1828 1111 de
1858 1072 2085 1125 priscorum
2114 1071 2325 1112 honimum
2354 1071 2587 1126 disciplina,

196 1156 303 1199 quae
330 1142 384 1184 de
410 1152 623 1199 poetarum
641 1146 766 1195 vitiis,
793 1145 971 1202 denique
986 1159 1093 1202 quae
1106 1145 1160 1185 de
1183 1147 1379 1189 universa
1403 1147 1504 1185 artis
1527 1145 1822 1200 depravatione
1841 1145 2078 1186 dicerentur
2097 1146 2151 1185 de
2175 1148 2265 1199 ipsa
2289 1148 2459 1187 civitate
2477 1147 2587 1187 dicta

197 1218 263 1259 vel
292 1229 404 1260 certe
432 1221 487 1260 ad
515 1235 608 1262 eam
635 1222 856 1262 referenda
884 1235 979 1262 esse
1007 1222 1259 1262 viderentur.
1314 1221 1397 1261 Sed
1426 1223 1615 1262 omniura·
1633 1221 1848 1275 parabasis
1875 1223 2053 1274 partium
2082 1232 2126 1263 nt
2153 1224 2211 1263 ita
2239 1222 2373 1263 dicam
2402 1225 2587 1264 maxime

195 1293 363 1347 politica
390 1305 454 1337 est
481 1310 548 1346 ea,
574 1311 698 1351 quam
726 1305 973 1351 anapaestos
1000 1296 1197 1338 dixerunt
1226 1297 1302 1350 ipsi
1331 1298 1475 1339 comici
1504 1304 1673 1349 poetam
1710 1306 1752 1336 et
1780 1297 1973 1338 fortasse.
2004 1296 2046 1337 id
2073 1296 2184 1351 quod
2205 1298 2298 1350 jam
2326 1306 2449 1337 antea
2482 1297 2587 1337 indi·

195 1370 393 1420 cavimus,
430 1370 532 1412 belli
561 1371 901 1427 Peloponnesiaci
937 1373 1058 1413 initio
1084 1372 1253 1412 inventa
1291 1380 1334 1414 et
1368 1385 1394 1412 a
1421 1371 1610 1425 politicae
1647 1372 1888 1412 comoediae
1917 1373 2066 1425 poetis,
2109 1373 2218 1413 inter
2253 1385 2358 1426 quos
2399 1371 2585 1426 Eupolis,

193 1443 463 1487 Pherecrates
491 1456 533 1487 et
560 1446 866 1502 Aristophanes
894 1450 1069 1501 primum
1095 1447 1230 1488 locum
1258 1446 1460 1492 obtinent,
1501 1448 1719 1500 antiquiori
1750 1446 1811 1487 illi
1841 1445 2186 1500 epirrhematicae
2215 1449 2413 1501 syzygiae
2441 1446 2586 1487 addita

193 1528 270 1559 est.
324 1519 501 1561 Politica
538 1523 648 1562 enim
684 1523 902 1562 comoedia
929 1523 1048 1562 initio
1082 1521 1182 1562 belli
1211 1521 1553 1574 Peloponnesiaci
1589 1531 1679 1561 orta
1714 1531 1799 1568 est;
1844 1520 1915 1561 ubi
1962 1523 2144 1562 omnium
2182 1523 2333 1562 civium
2363 1521 2500 1562 studia
2530 1522 2582 1562 ad

192 1593 485 1648 rempublicam
513 1595 812 1651 dirigebantur,
847 1605 889 1636 et
916 1594 992 1636 sub
1022 1597 1115 1650 ejus
1142 1596 1270 1637 finem
1299 1603 1392 1649 post
1416 1593 1685 1647 Morychidis‚
1714 1594 1939 1648 Syracusa,
1968 1594 2220 1644 Antimachi,
2258 1595 2434 1637 aliorum
2463 1609 2582 1637 cona·

192 1678 258 1711 tus
295 1669 459 1712 mediae
488 1671 730 1712 comoediae
765 1670 917 1712 cedere
953 1679 1098 1713 coacta
1132 1679 1210 1712 est.
1272 1669 1386 1713 Inter
1421 1671 1513 1724 ejus
1549 1677 1691 1724 poetas
1728 1678 1893 1723 praeter
1928 1669 2251 1724 Aristophanem
2278 1670 2454 1725 Eupolis
2483 1684 2582 1726 prae

192 1747 342 1786 ceteris
369 1745 520 1801 dignus
548 1755 625 1796 est,
660 1749 730 1801 qui
757 1754 1113 1795 commemoretur,
1147 1747 1218 1801 qui
1253 1748 1294 1787 in
1327 1758 1404 1786 sua
1431 1745 1760 1785 aetate-omnino
1787 1744 1876 1785 fere
1912 1743 2145 1785 subsistens
2173 1744 2428 1799 reipublicae
2456 1745 2584 1786 Athe-

192 1822 395 1863 niensium
422 1821 542 1863 labes
570 1831 612 1863 et
640 1823 741 1862 vitia
769 1820 954 1862 notabat.
988 1823 1055 1871 ⁶²)
1110 1821 1186 1863 Sin
1225 1819 1432 1877 politicam
1462 1819 1604 1861 horum
1643 1827 1869 1873 temporum
1906 1819 2143 1874 parabasiiu
2186 1822 2357 1862 missam
2392 1820 2582 1870 facimus,

190 1898 465 1952 antiquiorem
480 1896 593 1938 illam
614 1896 695 1937 hac
705 1896 875 1951 politica
889 1904 1006 1950 parte
1021 1881 1302 1951 (anapaestis)
1312 1896 1545 1936 destitutam
1560 1894 1692 1934 fuisse·
1705 1896 1912 1948 conjicere
1928 1909 2163 1948 possumus,
2183 1904 2225 1935 et
2241 1905 2398 1936 restant
2413 1895 2581 1949 stropha

190 1987 283 2013 cum
310 1972 594 2026 antistropha,
649 1972 886 2026 epirrhema
923 1987 1016 2013 cum
1053 1972 1425 2026 antepirrhemate,
1478 1983 1648 2025 quorum
1686 1969 1790 2011 haec
1825 1980 1974 2011 natura
2001 1971 2130 2013 fuisse
2162 1970 2349 2013 videtur:
2409 1970 2579 2026 stropha

189 2046 263 2089 illa
287 2046 417 2102 lyrica
445 2046 548 2088 deus
576 2045 846 2088 invocabatur
873 2045 1085 2101 Dionysus
1111 2046 1179 2088 vel
1208 2046 1294 2088 alia
1320 2047 1500 2095 numina,
1527 2047 1563 2085 si
1593 2045 1699 2085 forte
1727 2045 2000 2086 demonstrari
2031 2047 2197 2099 poterit,
2226 2047 2267 2087 in
2295 2046 2393 2087 aliis
2419 2059 2580 2101 quoque

189 2121 336 2164 diebus
366 2122 487 2164 festis
514 2121 740 2177 parabases
768 2122 899 2163 factas
927 2135 1038 2171 esse,
1073 2122 1364 2177 epirrhemate‚
1390 2120 1498 2177 quod
1527 2134 1609 2162 non
1637 2119 1690 2161 ab
1711 2121 1831 2162 initio
1859 2121 1957 2162 inde
1986 2134 2078 2162 cuni
2107 2121 2278 2177 stropha
2304 2123 2581 2177 conjunctum,

187 2198 264 2240 sed
291 2206 438 2253 postea
465 2196 648 2239 additum
681 2196 813 2238 fuisse
850 2211 904 2238 ex
943 2198 1075 2252 ipsias
1101 2199 1216 2239 vocis
1245 2198 1411 2240 notione
1443 2195 1744 2251 quodammodo
1780 2197 1929 2250 conjici
1968 2196 2081 2245 licet,
2113 2206 2253 2251 poeta,
2291 2198 2361 2252 qni
2388 2198 2479 2252 ipse
2514 2195 2581 2237 his

187 2271 441 2328 temporibus
474 2272 644 2314 chorum
685 2270 877 2321 ducebat,
922 2271 1051 2314 verba
1091 2272 1145 2313 ad
1174 2280 1426 2333 spectatores
1470 2268 1650 2312 faciebat
1691 2283 1775 2310 non
1818 2272 1910 2311 sine
1954 2270 2212 2326 singulorum
2259 2274 2442 2312 virorum
2487 2272 2581 2312 irri-

187 2351 306 2391 sione
346 2348 596 2404 ludicrisque
641 2346 767 2388 rebus
808 2348 963 2401 passim
1008 2348 1277 2403 interpositis·
1331 2345 1571 2401 Epirrherna
1606 2346 1725 2386 initio
1765 2359 1888 2399 prosa
1919 2348 2109 2386 oratione
2148 2349 2423 2401 compositum
2452 2355 2495 2387 et
2522 2360 2579 2386 ex

187 2434 370 2480 tempore
398 2424 534 2465 fusum
561 2423 690 2464 fuisse
719 2422 945 2463 verisimile
973 2431 1053 2471 est,
1087 2424 1163 2464 sed
1192 2426 1294 2464 certi
1334 2423 1410 2463 hac
1442 2422 1568 2462 dere
1597 2420 1698 2461 nihil
1735 2420 1848 2461 effici
1877 2430 2028 2474 potest.
2083 2421 2392 2476 Phallophoros
2416 2437 2579 2477 qnoque

186 2515 269 2542 non
296 2513 379 2541 uno
412 2508 557 2539 tenore
585 2505 788 2547 cantatos,
824 2497 899 2538 sed
928 2512 954 2539 e
983 2500 1110 2540 variis
1138 2498 1321 2554 partibus
1348 2496 1596 2550 compositos
1622 2494 1753 2536 fuisse
1783 2494 1975 2536 Anthene
2005 2495 2149 2538 Lindii
2178 2497 2290 2551 apud
2317 2495 2577 2539 Athenaeum

233 2645 287 2685 ⁵⁶)
312 2643 428 2677 Schol-
451 2641 626 2682 Aristoph·
650 2649 723 2682 pac.
748 2642 852 2674 1126:
870 2635 970 2683 Ἐχον
990 2641 1048 2674 καὶ
1069 2642 1103 2674 ὲν
1122 2641 1255 2674 ἐκθέσει
1274 2639 1365 2673 κῶλα
1386 2633 1490 2683 ὅμοια
1510 2637 1600 2683 τρία,
1622 2633 1705 2680 πλὴν
1725 2636 1786 2669 τοῦ
1805 2637 1918 2681 τρίτου
1941 2637 2080 2684 δίμετρα
2105 2635 2347 2683 ιῖκατάληκῡκ.

233 2712 287 2752 ⁸¹)
311 2709 425 2742 schol.
448 2707 625 2748 Aristoph.
649 2715 724 2738 nn.
748 2709 834 2739 698:
862 2702 911 2738 Τὸ
933 2705 1066 2739 τοιοῦτο
1088 2702 1279 2752 παράβασις
1300 2705 1457 2742 καλεῖται,
1480 2699 1562 2747 ὅπερ
1585 2703 1694 2747 thyon
1716 2704 1962 2747 ἐπιστρέφωτες
1985 2701 2068 2749 πρὸς
2088 2702 2164 2741 τοὺς
2188 2708 2387 2748 θεωμένους·
2411 2707 2482 2738 101.
2504 2707 2539 2738 δὲ
2558 2702 2576 2736 ό

293 2770 416 2819 τρόπος
437 2767 519 2804 ὅταν
540 2768 731 2803 καταλιπὼν
751 2768 796 2803 τὰ
815 2770 889 2813 ἑξῆς
910 2770 970 2803 τοῦ
990 2767 1159 2816 δράματος
1173 2767 1193 2803 ὅ
1210 2767 1345 2812 ποιητὴς
1367 2763 1569 2812 συμβουλεύῃ
1590 2771 1659 2805 τοῖς
1679 2764 1899 2811 θευμένοιςῆ
1922 2764 2005 2801 ἄλλο
2028 2782 2063 2802 τι
2084 2766 2175 2807 ἐκτὸς
2199 2770 2274 2814 λέγῃ
2290 2770 2352 2813 τῆς
2377 2765 2578 2805 {sumt-c.

232 2841 288 2882 θ’)
311 2841 436 2873 Athen.
459 2839 505 2870 X.
528 2849 561 2879 p.
587 2840 662 2870 52⁶.
685 2838 800 2870 Schol.
824 2837 1102 2878 Aristophani».
1125 2831 1200 2869 ³5⁰2
1245 2836 1396 2869 Galenus
1419 2843 1458 2867 ee
1480 2834 1680 2866 liiii-ostrea
1711 2832 1789 2878 περὶ
1809 2830 1881 2866 τὸν»
1902 2827 1982 2879 παρ’
2007 2828 2178 2868 ‘Euclide
2199 2833 2377 2868 ποὶπικόν
2397 2829 2577 2879 ὀνομάτων

292 2903 525 2944 composuisse
558 2907 730 2941 testatur,
761 2903 854 2933 idem
886 2902 1036 2934 Platoni}
1062 2903 1167 2933 verbs
1197 2903 1381 2941 amr-tent,
1416 2903 1508 2931 totu
1534 2898 1613 2936 sius
1631 2899 1827 2930 comoedias
1857 2900 2017 2940 politicas
2041 2909 2119 2931 esse
2143 2910 2213 2931 non
2235 2902 2348 2932 solnm
2373 2903 2573 2940 parabsses.

293 2979 437 3008 eumque
460 2970 502 3000 de
525 2970 642 3009 rebus,
667 2978 754 3007 quse
777 2969 821 2999 sd
843 2968 1084 3007 rempublicam
1107 2971 1301 3006 spectarent
1322 2970 1360 2998 ut
1382 2965 1517 2998 dicendi
1541 2964 1672 3003 copiam
1697 2964 1853 3003 haberet,
1878 2966 2126 3005 legumlatore-
2150 2976 2192 2997 ex
2218 2976 2303 2998 orror
2323 2967 2478 3001 duxisse.
2517 2969 2575 2997 sed

295 3045 337 3066 ex
361 3034 405 3066 iis
426 3034 552 3073 conjici
575 3034 694 3073 nequit
714 3034 896 3074 parabates
919 3032 994 3071 ejus
1016 3041 1087 3064 non
1111 3030 1270 3071 politicas
1289 3032 1413 3065 tab-e.
