2749 3516
165 888 334 972 Quum
373 912 502 976 nuper
537 921 702 963 selectis
731 916 937 964 nonnullis
965 927 1123 977 primae
1151 923 1295 965 classis
1324 924 1551 978 juvenibus
1579 922 1872 977 Aristophanis
1908 937 2033 964 ranas
2070 925 2385 978 interpretarer,
2430 925 2544 967 locos

162 1009 453 1050 nonnunquam
482 994 810 1044 offendebamus‚
846 999 929 1049 qui,
955 1011 1185 1051 quanquam
1217 1008 1258 1038 et
1287 998 1486 1052 ampliore
1515 1007 1557 1038 et
1585 998 1842 1037 accuratiore
1866 996 2146 1050 disputatione
2173 997 2404 1053 dignissimi
2435 1000 2546 1041 vide-

164 1068 336 1119 bantur,
362 1079 500 1111 tamen
528 1069 643 1111 horis
671 1069 757 1111 illis
784 1069 1014 1111 subsecivis
1050 1084 1132 1111 non
1161 1085 1236 1121 ea,
1280 1087 1360 1127 qua
1397 1086 1470 1126 par
1506 1079 1617 1120 crat,
1664 1085 1762 1111 cura
1791 1078 1834 1110 et
1862 1069 2079 1125 diligentia
2107 1071 2311 1126 explicari
2342 1081 2545 1127 poterant.

163 1142 365 1185 Libenter
391 1146 531 1198 igitur,
559 1143 638 1184 hac
665 1142 873 1185 scribendi
892 1145 1104 1198 provincia
1131 1144 1230 1186 mihi
1259 1146 1467 1200 mandata,
1496 1159 1571 1186 eos
1599 1144 1793 1185 secundis
1822 1146 1932 1185 curis
1953 1145 2264 1198 pertractandos
2289 1147 2389 1187 mihi
2413 1161 2545 1197 sumo;

163 1228 205 1261 et
232 1231 333 1273 prae
362 1219 512 1260 ceteris
545 1231 660 1267 eum,
716 1219 785 1273 qui
823 1219 1003 1259 omnium
1038 1218 1162 1259 facile
1198 1220 1467 1274 gravissimus
1504 1227 1588 1267 est,
1631 1219 1691 1258 de
1729 1217 2019 1272 parabasis
2055 1227 2264 1268 natura,
2319 1234 2401 1275 qua
2437 1220 2544 1262 bene

163 1301 380 1349 perspecta
406 1292 458 1333 ad
488 1293 617 1347 ipsius
645 1291 886 1334 comoediae
923 1301 1108 1333 naturam
1139 1291 1420 1333 illustrandam
1449 1295 1621 1347 ejusque
1655 1292 1882 1346 primordia
1918 1292 2208 1346 cognoscenda
2247 1294 2384 1335 aditus
2419 1305 2544 1349 patet.

164 1371 293 1417 Nam,
328 1369 364 1408 si
401 1366 469 1406 vel
498 1369 599 1407 artis
626 1366 693 1406 vel
721 1368 832 1406 vitae
862 1366 1041 1421 aliquam
1070 1376 1252 1421 partem,
1279 1376 1320 1407 et
1354 1369 1573 1420 praecipue
1601 1366 1750 1414 talem,
1786 1366 1920 1420 qualis
1954 1376 2018 1407 est
2046 1366 2299 1409 Graecorum
2329 1371 2545 1412 comoedia

162 1447 325 1503 penitus
359 1455 610 1497 cognoscere
647 1440 881 1491 studemus,
931 1455 1014 1482 non
1048 1439 1200 1483 sufficit
1242 1455 1333 1482 eam
1369 1440 1620 1489 illustrasse,
1661 1440 1794 1494 qualis
1822 1448 1936 1481 certo
1964 1439 2142 1495 quodam
2169 1449 2354 1496 tempore
2383 1425 2538 1499 compa·

164 1530 252 1563 rata
280 1528 390 1566 erat3
425 1516 498 1559 sed
514 1516 650 1558 fontes
677 1518 806 1570 ipsos,
834 1515 982 1572 quibus
1002 1517 1204 1571 originem
1232 1514 1395 1566 debeat,
1422 1529 1640 1571 sequamur
1668 1528 1841 1557 necesse
1869 1522 1948 1557 est.
2004 1513 2070 1557 De
2088 1514 2275 1558 Graecae
2303 1520 2544 1562 comoediae

163 1605 310 1640 natura
344 1602 386 1634 et
420 1590 656 1647 primordiis
686 1589 872 1640 nonnulli
910 1592 988 1633 viri
1023 1589 1133 1632 docti
1160 1590 1458 1641 disseruerunt,
1499 1588 1688 1644 permulti
1717 1603 1769 1630 ea
1796 1588 1926 1630 veluti
1952 1592 1996 1631 in
2031 1599 2270 1632 transemsu
2306 1595 2545 1650 tetigerunt,

163 1680 207 1714 et
233 1671 339 1712 sicut
365 1669 409 1709 in
437 1665 674 1722 tragoedia,
714 1667 751 1707 si
779 1664 1029 1721 Thespidis,
1076 1679 1197 1720 quem
1226 1666 1317 1719 ejus
1352 1666 1606 1705 inventorem
1635 1663 1899 1718 praedicant,
1940 1678 2092 1705 nomen
2129 1665 2352 1708 attulerant
2378 1677 2422 1709 et
2447 1672 2545 1712 trita

163 1746 238 1787 illa
264 1745 317 1785 de
341 1741 542 1790 Choerili,
569 1723 812 1793 Phrynichi,
840 1739 1038 1793 Aeschyli
1065 1750 1375 1793 ceterorumque
1402 1740 1581 1781 inventis
1608 1737 1660 1779 ad
1684 1738 1867 1779 taedium
1884 1753 2015 1793 usque
2038 1739 2269 1782 decantatis
2297 1743 2339 1783 in
2363 1745 2543 1787 medium

163 1819 417 1876 protulerant
455 1816 663 1856 hominum
705 1814 1003 1855 existimationi
1043 1828 1090 1855 se
1118 1814 1371 1855 satisfecisse
1398 1811 1616 1867 putabant,
1659 1814 1719 1853 sic
1755 1813 1796 1853 in
1826 1812 2064 1863 comoedia,
2107 1823 2247 1869 spreta
2274 1814 2544 1861 Doriensium

163 1892 402 1939 comoedia,
442 1891 593 1944 spretis
627 1889 803 1928 mimicis
838 1887 922 1928 illis
961 1887 1092 1937 ludis,
1124 1902 1148 1928 e
1172 1886 1319 1943 quibus
1353 1885 1614 1927 artificiosius
1659 1886 1902 1927 comoediae
1936 1901 2070 1941 genus
2107 1889 2334 1941 profectum
2371 1901 2458 1943 est,
2502 1903 2545 1935 et

164 1967 398 2012 Phormidis
423 1946 740 2019 Epicharmique
769 1962 983 2005 comoedia
1009 1971 1201 2018 tanquam
1219 1961 1444 2017 appendice
1471 1960 1655 2011 mediae,
1687 1959 1776 2009 vel,
1803 1961 1841 2001 si
1869 1960 1935 2002 dis
1962 1960 2120 2016 placet,
2147 1965 2278 2005 veteri
2303 1967 2543 2010 comoediae

163 2057 355 2091 annexa,
396 2039 663 2082 Susarioaem
699 2038 941 2080 comoediae
967 2040 1225 2080 inventorem
1261 2035 1379 2078 nobis
1409 2034 1611 2082 vendunt3
1655 2043 1696 2075 et
1740 2034 1794 2076 ab
1829 2048 1882 2076 eo
1916 2035 2044 2077 simili
2072 2037 2196 2079 modo
2236 2038 2289 2080 ad
2318 2039 2543 2094 Cratetem‚

163 2115 362 2173 Eupolin,
391 2113 620 2163 Cratinum,
645 2094 948 2163 Pherecratem,
985 2119 1147 2153 ceteros
1175 2124 1315 2152 eorum
1339 2112 1504 2150 inventa
1525 2108 1810 2162 praedicantes
1828 2111 2162 2164 progrediuntur.
2242 2112 2299 2153 At
2320 2114 2441 2157 nobis
2460 2131 2543 2158 non

163 2189 442 2250 quaerendum
468 2196 532 2230 est
560 2188 613 2228 de
640 2188 889 2242 tragicorum
918 2187 986 2228 vel
1019 2189 1266 2228 comicorum
1292 2194 1504 2239 poetarum
1532 2183 1789 2230 nominibus,
1825 2184 1975 2239 quihus
2002 2195 2142 2226 notam
2169 2189 2373 2241 quandam
2401 2205 2542 2233 censo-

165 2271 268 2309 riam
298 2265 520 2311 addamus,
571 2261 647 2302 sed
668 2262 721 2302 de
748 2263 848 2302 artis
877 2271 1025 2303 natura
1051 2271 1094 2303 et
1120 2263 1405 2309 incrementis,
1434 2259 1487 2299 de
1514 2260 1699 2307 ratione,
1734 2273 1815 2312 qua
1844 2260 1985 2312 poesis
2012 2260 2218 2314 quoddam
2246 2276 2381 2317 genus
2409 2279 2435 2306 a
2460 2268 2543 2321 pri-

162 2341 334 2384 mordiis
360 2337 458 2380 inde
488 2335 697 2378 excultum
727 2343 770 2377 et
796 2335 849 2376 ad
878 2350 1079 2377 summum
1107 2336 1207 2376 artis
1234 2334 1441 2389 fastigium
1457 2331 1672 2373 adductum
1701 2333 1768 2373 sit.
1822 2331 1917 2373 Hoc
1944 2334 2002 2373 ita
2030 2333 2182 2375 dictum
2211 2349 2307 2377 esse
2333 2337 2451 2380 volo:
2488 2341 2541 2381 ad

163 2414 405 2458 comoediae
448 2412 662 2453 historiam
706 2409 812 2451 hene
855 2410 1204 2466 cognoscendam,
1250 2408 1487 2450 comoediae
1531 2421 1636 2462 quae
1673 2415 1834 2461 tempus
1868 2407 2049 2449 tulerunt
2086 2418 2395 2468 ceterarumque
2432 2415 2543 2470 frag-

164 2499 323 2537 menta,
366 2488 521 2542 passim
550 2484 658 2539 apud
686 2494 849 2525 veteres
884 2486 1104 2539 scriptores
1136 2498 1302 2539 sparsa,
1338 2482 1558 2536 diligenter
1587 2481 1824 2522 evolvenda
1851 2490 1970 2530 sunt,
2013 2492 2152 2537 partes
2182 2498 2323 2527 earum
2351 2499 2540 2531 accurate

163 2560 493 2610 examinandae,
538 2572 644 2615 quae
679 2560 734 2599 sit
776 2572 919 2600 earum
946 2567 1093 2599 natura
1126 2566 1168 2598 et
1204 2570 1283 2612 qua
1310 2557 1468 2599 ratione
1495 2558 1603 2596 inter
1637 2569 1684 2595 se
1712 2555 1983 2605 cohaereant,
2031 2559 2091 2597 ita
2117 2567 2162 2598 ut
2190 2572 2272 2599 non
2299 2561 2431 2603 solum
2460 2578 2542 2619 quo

163 2652 349 2693 tempore
378 2645 420 2677 et
446 2649 662 2690 aquonam
690 2644 814 2688 poeta
836 2648 933 2689 pars
957 2633 1095 2688 aliqua
1123 2632 1190 2674 vel
1218 2632 1359 2674 addita
1386 2630 1452 2672 vel
1475 2630 1639 2671 ademta
1666 2630 1734 2672 vel
1756 2631 1966 2673 immutata
1995 2633 2050 2674 sit
2077 2632 2314 2685 doceamus,
2340 2636 2416 2678 sed
2434 2652 2541 2693 quae

164 2724 287 2756 antea
311 2712 439 2754 fuerit
473 2711 566 2764 ejus
606 2709 714 2750 ratio
750 2707 1099 2755 demonstremus3
1137 2714 1352 2762 praeterea
1381 2712 1425 2746 ut
1452 2704 1732 2755 comoediam,
1778 2719 1885 2761 quae
1922 2708 2049 2748 totius
2086 2709 2197 2748 vitae
2224 2710 2365 2765 imago
2392 2720 2457 2753 est
2483 2714 2542 2755 ita

162 2804 252 2832 cum
281 2785 459 2829 civitatis
486 2783 659 2825 historia
685 2783 965 2833 conferamus,
999 2789 1044 2823 ut
1070 2782 1107 2823 si
1130 2779 1222 2823 fieri
1249 2788 1384 2835 potest
1419 2778 1591 2820 alteram
1619 2793 1677 2820 ex
1715 2779 1849 2820 altera
1875 2790 1987 2821 certa
2015 2784 2253 2837 conjectura
2278 2782 2541 2828 illustremus.

165 2863 257 2906 Hoc
269 2859 476 2918 quomodo
502 2857 595 2899 fieri
623 2859 754 2911 possit
781 2867 824 2897 et
852 2857 1002 2897 debeat
1030 2857 1083 2897 de
1110 2844 1325 2909 tragoedia
1351 2868 1432 2895 non
1461 2853 1610 2895 desunt
1637 2854 1848 2908 exetupla,
1890 2855 1944 2896 de
1978 2856 2196 2899 comoedia
2230 2866 2383 2908 autem,
2435 2875 2541 2915 quae

164 2936 405 2990 arnpliorem
452 2931 626 2986 praebet
672 2932 911 2986 sagacitatis
954 2929 1214 2972 exercendae
1256 2930 1492 2977 materiem,
1542 2927 1643 2971 nihil
1673 2928 1762 2970 fere
1804 2929 1915 2986 quod
1950 2930 2074 2972 nobis
2107 2931 2337 2973 satisfaciat
2370 2933 2424 2974 ad
2463 2949 2544 2978 no·

163 3011 362 3067 pervenit.

1992 3083 2013 3123 l
