2749 3516
1328 99 1414 166 18·

172 249 308 303 possis
335 263 417 290 uon
448 249 584 297 video,
611 247 781 289 chorum
807 246 1069 303 iu'parabasi
1096 257 1246 309 poetae
1266 248 1391 304 ‘quasi
1418 245 1598 305 persona
1627 248 1771 306 induta
1794 247 1923 306 loqui,
1951 249 2032 291 nisi
2060 251 2097 291 si
2123 249 2204 291 hoc
2231 250 2458 306 e-pristino
2485 249 2559 291 illo

173 334 371 378 tempore,
400 338 481 378 quo
507 324 616 364 idem
645 324 722 364 fuit
747 332 899 377 poeta,
913 323 1023 364 idem
1052 323 1250 365 cherma
1276 323 1546 378 repetendam
1567 332 1663 365 esse
1689 323 1836 378 putas:
1881 323 1978 373 Quo
2004 325 2165 367 accedit
2192 325 2304 380 qnod
2316 327 2561 378 posterioris

172 399 371 453 temporis
413 397 615 454 pballicus
644 396 795 439 chorus
830 397 977 440 eodem
1015 398 1106 440 fere
1134 398 1625 454 ιιιοδο-ιάιιιοοιιιυιοι
1650 398 1988 450 convertebatur,
2027 400 2125 456 quid
2164 399 2274 456 quod
2307 401 2399 454 ipse
2416 398 2562 442 -Athe-

174 486 304 514 naeus
332 473 359 514 Ι.
386 472 416 516 1.
442 473 496 514 de
524 474 616 528 ejus
653 472 925 514 conversione
953 482 1058 514 voce
1093 473 1359 530 παρέρχεσθαι
1386 474 1535 524 ιιιίιιιι,
1581 485 1664 530 quo
1705 472 1924 529 parabasis
1951 473 2004 516 ad
2032 481 2296 531 spectatoresv
2314 485 2563 531 pregre-us

175 547 400 602 significari
429 544 564 597 solet,‘
579 555 622 588 et
649 542 925 601 panlo³antea
953 533 1203 603 εἰὶιστρέφειιῖ,
1232 561 1313 603 qua
1343 547 1396 590 d'e
1432 561 1480 590 re
1507 552 1632 602 supra
1655 544 1852 592 diximus.
1906 548 1992 593 Sed
2018 549 2063 590 in
2092 547 2284 602 phallicis
2310 546 2563 591 carminibus

175 621 428 675 singulorum
457 621 666 661 hominum
697 621 1000 662 cavillationem
1030 631 1073 662 et
1099 624 1334 663 irrisionem
1363 637 1447 664 non
1469 625 1635 677 {nup-o
1652 622 1992 676 bysuncium-1:
2013 621 2210 665 habais-e
2242 622 2459 678 probabile
2487 631 2564 672 est,

176 706 218 737 et
249 699 423 739 omnino
458 695 595 750 placet
634 694 822 736 Kolsteri
850 699 919 750 (p.
946 696 1029 749 60)
1065 698 1229 751 opinio,
1272 699 1314 739 in
1349 697 1543 752 phallicis
1577 697 1796 739 cantilenis
1832 696 2187 752 epirrhematicam
2217 703 2387 752 'partenr
2420 698 2562 740 fuisse.

177 769 297 820 Quae
325 786 447 826 quum
476 772 533 811 ita
561 773 657 818 sint,
686 770 860 811 eandem
887 773 1056 811 omnino
1086 771 1388 813 vindicabimus
1414 773 1587 813 formam
1619 780 1873 813 ‹at-naturam
1912 771 2092 826 phenice
2108 776 2113 781 ’
2129 774 2314 822 camini,
2352 780 2460 827 quae
2488 774 2564 813 inl·

177 847 237 886 tio
265 847 308 885 in
345 844 537 900 parabasi
574 844 812 885 obtinebat:
869 853 959 885 erat
1000 845 1177 899 hymnus
1213 848 1257 887 in
1291 846 1377 888 Dei
1415 848 1615 888 honorem
1653 855 1862 897 cantatus,
1909 849 1978 902 qui
2014 849 2107 902 ipsc
2134 846 2349 888 ebrietatis
2377 856 2419 889 et
2446 846 2565 888 lasci·

178 922 273 962 viae
301 936 400 975 prae
427 935 474 962 se
502 918 663 962 ferebat
697 921 891 985 speciem,
930 923 996 963 cni
1025 921 1259 977 epirrhema
1295 936 1321 964 a
1350 921 1531 977 chorago
1559 920 1644 964 vel
1655 924 1792 977 potius
1825 925 1917 977 ipso
1945 931 2068 983 poeta
2095 920 2395 967 succinebatur.
2452 921 2565 965 Prio-

179 1008 264 1038 rem
293 1005 446 1051 partem
474 994 688 1052 popularia
725 994 906 1037 carmina
933 998 1209 1048 continuisse,
1251 1010 1357 1054 qnae
1385 998 1476 1038 sine
1503 996 1669 1064 altioris
1696 998 1798 1061 artis
1825 996 1996 1048 cultura,
2024 1005 2162 1039 tamen
2190 997 2390 1045 numeris'
2402 994 2566 1053 quibus-

180 1069 273 1109 dam
306 1069 504 1110 adstricta
539 1084 564 1110 a
602 1080 718 1123 patre
751 1071 839 1111 filio
876 1068 1138 1112 traderentur
1169 1071 1400 1144 probabile
1436 1080 1524 1120 est,
1572 1056 1848 1125 posteriorem
1877 1080 2025 1112 autem·
2050 1072 2412 1126 menedinna&
2435 1070 2566 1118 fuisse

179 1144 421 1185 certissimis
449 1145 693 1187 testimoniis
713 1155 884 1187 constat.
940 1130 1168 1188 Comoedia
1189 1156 1341 1196 autem,
1357 1161 1481 1201 quum
1510 1157 1657 1201 postea
1674 1145 1940 1189 artificiosius
1969 1147 2235 1190 excoleretur
2262 1156 2306 1188 et
2331 1147 2384 1188 ad
2404 1156 2566 1201 tragoe-

179 1217 275 1260 diae
298 1208 536 1274 exemplum
563 1207 672 1262 alias
694 1235 855 1277 quoque
889 1197 1002 1264 chori
1033 1220 1260 1263 cantilenas
1288 1222 1505 1276 reciperet,
1554 1219 1662 1264 hanc
1688 1230 1862 1276 partem,
1905 1236 2011 1288 quae
2037 1221 2191 1276 populo
2217 1223 2261 1264 in
2289 1219 2451 1275 deliciis
2478 1212 2567 1263 erat

179 1295 360 1333 retinere
390 1292 583 1344 debebat,
615 1304 657 1334 et
686 1295 888 1336 retinebat
908 1297 968 1336 ita
995 1297 1041 1336 ιιί
1066 1309 1123 1335 ex
1146 1309 1297 1358 scenae
1328 1309 1404 1336 usu
1425 1292 1711 1336 immutaretur
1732 1294 1909 1353 ideoque
1938 1310 1963 1337 a
1987 1285 2178 1352 phallicis
2205 1291 2436 1347 cantilenis,
2462 1298 2567 1352 quae

178 1370 262 1410 alia
290 1372 453 1410 ratione
493 1379 535 1410 et
572 1371 678 1411 alias
710 1371 763 1412 ob
801 1385 950 1412 causas
976 1356 1245 1420 mutarentur,
1285 1371 1409 1426 plane
1444 1371 1612 1413 diversa
1646 1370 1780 1411 fieret.
1836 1370 1916 1411 His
1953 1372 2012 1411 ita
2046 1372 2280 1412 constitutis
2316 1383 2478 1419 vereor,
2514 1383 2568 1411 ne

182 1443 420 1485 Thierschii
450 1447 592 1499 opinio
629 1446 704 1486 illa
740 1447 793 1486 de
830 1462 912 1501 qua
947 1461 1071 1500 supra
1099 1446 1282 1498 diximus
1309 1447 1567 1501 ingeniosior
1594 1460 1714 1501 quam
1745 1447 1884 1486 verior
1913 1448 1988 1486 sit.
2038 1444 2275 1501 parabasim
2301 1460 2327 1487 e
2354 1445 2568 1486 comoedia

181 1518 255 1560 illa
284 1520 457 1573 pristina
486 1529 717 1561 concretam
753 1536 869 1569 esse;
915 1536 1035 1576 quum
1065 1520 1137 1561 ille
1164 1522 1207 1561 in
1233 1522 1474 1561 universum
1512 1529 1623 1561 certe
1661 1535 1802 1561 verum
1833 1519 1989 1561 vidisse
2016 1519 2091 1562 sed
2136 1519 2342 1587 quomodo
2360 1519 2466 1564 hoc
2475 1518 2569 1561 fieri

181 1594 362 1649 potuerit
390 1607 471 1636 non
500 1591 609 1637 bene
639 1593 845 1645 docuisse,
873 1609 924 1639 ne
953 1595 1085 1639 dicam
1115 1594 1384 1650 perspexisse
1407 1592 1626 1650 putandus
1661 1595 1727 1637 sit.
1782 1592 1850 1637 De
1869 1592 2158 1650 Aristophanis
2198 1595 2313 1655 enim
2334 1581 2570 1652 artificiosa

179 1666 255 1709 illa
281 1666 478 1725 parabasi
506 1682 611 1742 quac
641 1667 763 1711 docet
788 1677 943 1712 tantum
973 1667 1146 1711 aberant
1172 1675 1217 1710 ut
1244 1665 1364 1710 nobis
1389 1665 1674 1724 probarentur,
1703 1675 1745 1710 ιιι
1767 1668 1933 1710 omnino
1961 1666 2075 1711 falsa
2097 1681 2191 1729 esse
2216 1655 2570 1713 contenderemus·

290 1743 328 1783 A
358 1741 549 1801 phallicis
577 1744 703 1798 igitur
731 1745 949 1785 cantilenis
980 1744 1236 1785 comoediam
1263 1744 1465 1798 originem
1482 1735 1671 1793 duxisse,
1698 1742 1932 1797 parabasim
1962 1732 2099 1784 alitem
2127 1752 2170 1784 et
2197 1743 2333 1785 forma
2359 1752 2402 1785 et
2425 1752 2572 1810 natura

182 1834 207 1859 a
235 1820 424 1874 pristinis
451 1809 537 1858 illis
566 1818 783 1859 cantilenis
810 1833 892 1859 non
921 1819 1092 1860 multum
1131 1817 1302 1858 differre
1337 1817 1571 1865 docuimus,
1609 1816 1829 1873 parabasis
1864 1818 1992 1874 igitur
2018 1804 2193 1875 germen
2224 1827 2304 1884 est,
2331 1831 2357 1859 e
2385 1831 2466 1874 quo
2502 1831 2572 1858 va·

184 1896 246 1934 ria
276 1893 519 1934 comoediae
545 1908 702 1949 genera
731 1903 949 1935 creverunt
976 1903 1018 1935 et
1046 1891 1376 1934 efflorescebant.
1553 1896 1557 1899 ’
1788 1937 1793 1947 Ι
2039 1939 2044 1944 ,
2439 1942 2443 1946 ι

293 1966 415 2007 Nunc
441 1958 585 2018 restat,
619 1978 663 2007 ιιι
691 1969 743 2007 de
771 1962 873 2025 ipsis
901 1966 1191 2009 commoediae
1220 1968 1456 2024 primordiis
1492 1961 1706 2008 videamus
1734 1977 1777 2020 et
1811 1951 2080 2026 quaeramus,
2097 1952 2179 2009 ian
2197 1953 2316 2028 ..quae
2337 1952 2430 2029 dc
2435 1952 2573 2025 prisca

185 2043 256 2083 illa
283 2043 541 2083 scenicorum
564 2042 756 2083 ludorum
791 2044 924 2084 forma
959 2053 1001 2084 et
1038 2053 1185 2094 natura
1212 2043 1437 2083 memoriae
1463 2041 1633 2083 vtradita
1659 2044 1757 2093 sint,
1800 2059 1892 2085 cum
1920 2042 2114 2099 parabasi
2153 2043 2384 2098 comparari
2412 2043 2573 2097 possint

185 2128 307 2173 atque
328 2117 519 2158 conferri.
576 2116 865 2167 Quaerendum
902 2120 981 2160 erit
1016 2119 1069 2160 de
1103 2118 1272 2160 ludicris
1299 2117 1384 2158 illis
1413 2133 1503 2158 cum
1530 2116 1738 2173 Apollinis
1767 2118 1905 2160 'sacris
1933 2118 2041 2174 apud
2072 2101 2304 2170 Dorienses
2343 2118 2573 2172 conjunctis

185 2190 382 2248 (Delphis
407 2192 561 2248 χάριια,
588 2192 690 2234 mut.
718 2181 874 2249 quaest.
904 2193 1052 2236 Graec.
1081 2197 1147 2244 12,
1174 2191 1273 2234 Deli
1300 2193 1412 2247 „azy
1392 2211 1468 2242 aa,
1497 2191 1663 2234 calum.
1689 2191 1828 2246 hymn.
1855 2191 1953 2234 001.
1976 2193 2073 2243 316,
2106 2200 2148 2234 et
2174 2180 2363 2233 foria-⁸2
2379 2190 2574 2234 Deliam-

186 2281 276 2308 rum
302 2285 342 2322 γε
335 2267 461 2322 'paroc
489 2265 637 2307 eodem
660 2267 900 2309 referendus
929 2266 1026 2324 est),
1054 2266 1334 2324 quaerendum
1363 2267 1442 2308 erit
1478 2266 1531 2308 de
1559 2259 1840 2309 dicelistarnm
1867 2274 1911 2308 et
1937 2265 2196 2309 mimelarum
2223 2265 2332 2321 apud
2359 2259 2574 2307 Lacedae-

185 2344 347 2382 monios
376 2341 702 2397 epirrhematicis
736 2342 895 2383 lusibus
934 2342 1070 2398 (Suid.
1107 2357 1147 2383 v.
1183 2343 1389 2398 Σωσίβιος,
1419 2340 1595 2382 Nomius
1624 2337 1751 2381 Dion.
1780 2339 1904 2382 XIV.
1933 2343 2010 2390 16,
2063 2324 2574 2389 Adien.X1V.621.d‚

186 2416 256 2458 Mi·
249 2417 341 2458 tller
381 2417 483 2458 Dor.
515 2416 569 2457 II.
606 2416 702 2466 343,
737 2416 892 2470 Grysar
930 2418 982 2458 de
1019 2416 1121 2458 Dor.
1162 2416 1347 2457 comoed.
1386 2431 1426 2470 p.
1456 2415 1556 2466 18.)-
1623 2414 1759 2476 Ipsius
1771 2399 1952 2468 Dianae
1980 2414 2071 2456 dies
2098 2415 2195 2456 festi
2223 2429 2305 2456 non
2334 2414 2572 2471 negligendi

186 2500 319 2542 erunt,
351 2492 556 2547 imprimis
583 2490 859 2544 Derrhiatidis
888 2500 928 2534 et
955 2491 1190 2568 Caryatidis
1216 2490 1390 2560 (Pollux
1416 2489 1495 2534 IV.
1524 2489 1590 2556 14,
1619 2473 2235 2554 Ηοε]ιι1ι.ν.βρυλλοχιστᾳῖ).
2299 2488 2446 2552 (Pisae
2473 2488 2575 2533 nia-

187 2583 283 2608 nam
311 2567 503 2623 Κορδᾶκα
530 2566 658 2608 fuisse
687 2561 856 2610 Pansan.
886 2567 962 2609 VI
990 2555 1084 2613 221.
1087 2553 1279 2620 narrat.)
1323 2546 1706 2637 Animadvertenda
1732 2574 1828 2617 sunt
1850 2564 2019 2607 Cereris
2044 2582 2182 2620 murm
2208 2553 2418 2622 ceteriqne
2444 2567 2573 2621 mimi,

187 2645 255 2697 qui
284 2643 604 2697 thesmophoriis
633 2643 873 2698 agebantur,
900 2653 942 2684 et
968 2645 1152 2698 ipsorum
1180 2651 1327 2682 natura
1362 2643 1593 2683 accuratius
1620 2636 1913 2696 investiganda
1947 2633 2123 2690 (Athen.
2148 2639 2204 2692 V.
2220 2638 2311 2688 181.
2335 2642 2384 2690 οὲ,
2399 2640 2572 2683 Pausan-

188 2720 349 2758 Achaic-
385 2721 452 2762 27.
478 2716 534 2766 4.,
558 2717 712 2758 Herod.
742 2718 798 2759 V.
814 2720 895 2766 83.,
924 2717 1039 2758 Snid.
1064 2732 1103 2757 v.
1130 2717 1349 2772 γεφυρίζων,
1365 2715 1547 2770 Hesy.ch
1565 2716 1763 2772 γεφυρῖσαι
1790 2724 1833 2757 et
1858 2718 2077 2769 στηφιῶσαι,
2101 2707 2223 2756 Phc't.
2249 2714 2399 2770 eodem
2416 2715 2573 2762 v.erbo)

188 2790 377 2847 ipson-nm
404 2791 700 2834 Bacchicoruin
719 2791 909 2833 ludorum
937 2793 1056 2833 initia
1082 2806 1184 2847 prae
1212 2790 1363 2833 ceteris
1386 2787 1670 2833 examinanda
1697 2798 1816 2831 erunt
1844 2784 1956 2845 apud
1980 2786 2268 2846 Megarenses,
2294 2781 2574 2832 Athenienses

188 2869 277 2924 (qui
306 2867 587 2907 Anthesteriis
616 2875 657 2906 et
683 2865 922 2922 Thargeliis
959 2865 1222 2922 agebantur),
1250 2865 1357 2921 apud
1375 2864 1552 2915 Siculos,
1581 2863 1848 2913 Tarentinos,
1875 2863 2125 2918 Epidaurios
2153 2872 2196 2904 et
2221 2861 2408 2911 Naxios;
2436 2863 2574 2906 dicen·

188 2944 284 2982 dnm
314 2945 393 2982 erit
417 2943 469 2981 de
500 2941 735 2996 Epicharmi
763 2950 804 2980 et
829 2942 1063 2982 Phormidis
1099 2942 1336 2990 comoedia,
1372 2950 1414 2980 et
1442 2955 1498 2980 ex
1529 2942 1659 2994 ipsius
1686 2938 1850 2979 Atticae
1886 2939 2128 2978 comoediae
2154 2939 2399 2994 fragmentis
2426 2938 2574 2980 docen-

189 3020 284 3058 dum
311 3020 404 3057 erit.
433 3022 539 3070 qnae
571 3017 747 3056 diversis
775 3016 1025 3071 temporibus
1054 3016 1271 3070 parabasis
1299 3018 1406 3057 ratio
1435 3025 1478 3056 et
1505 3024 1653 3055 natura
1680 3014 1816 3054 fuerit.
