2749 3516
1295 118 1407 173 ,Δ4

166 268 364 322 exemplo
396 270 461 321 ⁸³)
490 268 764 308 demonstrari
795 277 945 321 potest,
982 270 1049 323 qui
1086 267 1325 307 comoedias
1365 267 1463 310 fecit
1491 276 1534 308 et
1567 266 1693 308 multa
1724 266 1807 308 alia
1845 270 1888 310 in
1927 267 2075 309 eodem
2117 270 2258 322 poesis
2285 262 2444 323 ge'n‘etb‘
2478 269 2565 310 suis

165 343 449 398 phallophoris
476 340 757 396 praecinebat.
789 343 856 395 ⁸⁴)
904 340 1052 384 Utrum
1079 340 1296 395 parabasis
1324 340 1378 383 ab
1406 343 1525 384 initio
1554 341 1850 395 antistrophioa
1876 342 2016 393 fuerit,
2045 352 2122 385 nee
2148 356 2218 394 ne,
2244 343 2387 398 quadri
2415 349 2564 399 potest,

165 418 266 459 mihi
302 417 467 472 quidem
502 415 581 457 hoc
618 414 912 470 Aristophanis
948 415 1377 470 thesmophoriazusis
1415 416 1680 457 verisimilius
1725 415 1786 465 fir,
1839 421 2014 472 quorum
2050 417 2276 473 parahasis-
2308 413 2566 473 antistropha

164 502 292 535 caret.
346 492 421 533 Est
449 492 576 546 igitur
609 490 800 544 stropha,
837 492 871 530 si
901 503 1042 532 verum
1072 499 1158 540 est,
1199 491 1309 545 quod
1346 491 1536 532 docuisse
1573 490 1694 532 nobis
1732 491 1932 540 videntur,
1978 491 2044 533 vel
2083 494 2226 547 potins
2253 492 2337 533 oda
2360 491 2564 546 -D'ionyso

164 577 328 608 cantata
354 570 481 607 totius
517 566 736 619 parabasis
773 565 911 614 radix,
947 568 1012 605 cui
1041 579 1144 605 mox
1174 566 1531 617 epirrhetnaticum
1562 579 1726 605 carmen
1758 565 2001 615 addebatur,
2029 576 2071 606 et
2099 568 2206 607 hanc
2233 569 2564 621 antiquissimam

163 642 404 684 comoediae
432 640 662 694 simplicem
701 640 877 680 formam
911 639 1041 679 fuisse
1079 640 1269 691 putarim.
1327 638 1601 681 Thierschias
1628 640 1767 693 igitur,
1806 637 1847 679 id
1877 639 1985 694 quod
2007 641 2100 693 §am
2125 650 2250 695 aqna
2275 640 2563 689 indicavimus,

163 718 271 760 bene
299 716 418 765 dixit,
447 713 683 769 parabasim
716 723 896 755 veterem
912 713 1170 756 comoediam
1198 715 1241 755 in
1272 727 1376 754 nuce
1405 714 1709 769 quodammodo
1738 714 2007 763 continuisse,
2034 716 2070 756 si
2091 714 2562 771 'hanctuntiqntssimam

161 791 379 847 parabasis
415 791 592 831 formam
631 790 674 829 in
710 798 849 828 mente
886 787 1043 829 habuit.
1100 787 1295 829 Ceterum
1328 788 1407 829 hac
1443 789 1496 829 de
1525 803 1570 829 re
1606 787 1793 842 piuribus
1828 788 2074 842 disputaturi
2101 798 2257 837 snmus,
2293 791 2392 845 quit!
2409 803 2474 832 ‘ex
2511 805 2564 832 ea

161 868 350 910 Graecae
379 864 621 908 comoediae
651 863 830 918 dignitas
857 871 900 904 et
927 864 1113 918 gravitas
1142 865 1348 919 originem
1376 863 1550 905 duxisse
1584 862 1762 913 videtur,
1797 877 1918 919 quum
1947 878 2031 906 non
2059 865 2166 906 sicut
2194 862 2368 906 aliorum
2395 864 2564 920 populo·

161 957 249 985 rum
279 939 523 983 comoediae
555 952 612 980 ex
640 939 755 979 inani
783 947 945 992 tempus
967 936 1140 979 fallendi
1169 938 1306 980 stadio
1327 938 1513 994 profecta
1541 940 1609 988 sit,
1637 937 1713 979 sed
1741 938 1793 979 ad
1815 939 1947 994 ipsum
1969 939 2090 981 deum
2113 937 2330 981 colendum
2350 939 2563 982 referatur.

271 1016 318 1057 ln
347 1013 565 1069 parabasis
592 1014 725 1054 forma
754 1022 796 1052 et
825 1021 972 1053 natura
1000 1013 1289 1053 constituenda
1325 1015 1383 1053 ita
1418 1014 1575 1053 versati
1611 1024 1767 1061 sumus,
1804 1022 1848 1053 ut
1876 1015 2052 1068 primum
2082 1027 2175 1054 eam
2204 1013 2258 1054 ab
2286 1015 2376 1068 ipsa
2404 1026 2565 1054 comoe-

160 1094 257 1133 diae
278 1090 422 1131 fabula
451 1090 694 1141 ceterisque
726 1087 842 1128 chori
871 1089 1043 1128 canticis
1072 1097 1275 1129 secretam
1302 1089 1661 1135 examinaremus,
1704 1097 1748 1127 et
1785 1102 1892 1141 quae
1930 1099 2071 1130 essent
2099 1091 2142 1129 in
2170 1099 2222 1129 ea
2251 1088 2365 1130 chori
2393 1103 2564 1130 conver*

160 1171 315 1216 siones,
371 1179 477 1220 quae
522 1172 745 1205 metrorum
774 1170 815 1203 et
851 1161 1030 1204 saltandi
1068 1163 1176 1204 ratio
1214 1162 1497 1204 demonstrare
1534 1173 1805 1211 conaremur3
1856 1164 1946 1217 iam
1984 1162 2036 1205 de
2072 1176 2139 1205 eo-
2161 1163 2439 1219 quaerendum
2471 1166 2563 1214 erit,

160 1241 366 1298 quomodo
394 1239 469 1280 ilia
497 1237 551 1278 ad
582 1236 763 1292 reliquas
791 1236 1034 1278 comoediae
1055 1246 1195 1291 partes
1216 1238 1431 1293 ipsamque
1457 1236 1640 1278 fabulam
1669 1250 1717 1277 se
1751 1236 1917 1278 habeat.
1975 1236 2070 1287 Qua
2097 1238 2152 1279 de
2183 1251 2228 1279 re
2261 1238 2441 1280 virorum
2469 1239 2563 1280 doe-

161 1328 296 1359 torum
325 1315 545 1369 opiniones
588 1314 734 1355 mirum
773 1314 813 1352 in
849 1312 1014 1353 modum
1054 1314 1163 1353 inter
1197 1326 1245 1353 se
1283 1312 1494 1360 differunt,
1549 1324 1672 1367 quum
1708 1311 1780 1353 aiii
1809 1312 1964 1354 nuliam
1993 1315 2162 1354 omnino
2190 1315 2299 1353 inter
2326 1313 2562 1368 parabasim

160 1401 403 1443 ceterasque
432 1387 674 1428 comoediae
702 1395 841 1440 partes
870 1387 1218 1428 uecessitudinem
1234 1387 1493 1429 intercedere
1522 1386 1785 1435 contendant,
1813 1386 1885 1427 alii
1916 1401 1941 1427 a
1971 1388 2108 1441 priore
2137 1388 2190 1428 de
2220 1401 2272 1427 ea
2298 1397 2492 1438 statuant,
2522 1399 2562 1430 et

161 1480 265 1522 quae
290 1465 402 1505 facta
432 1477 528 1503 esse
561 1463 793 1516 opinentur,
821 1462 926 1502 mira
954 1461 1128 1503 audacia
1157 1461 1408 1503 contendant
1436 1462 1686 1503 necessitate
1716 1460 1907 1516 quadam,
1943 1463 2089 1503 nescio
2107 1476 2202 1517 qua,
2230 1463 2290 1503 ita
2316 1462 2427 1504 facta
2453 1477 2562 1514 esse,

160 1541 233 1582 alii
261 1539 438 1594 denique
467 1535 714 1578 arctioribus
745 1534 917 1576 vinculis
945 1535 1182 1590 parabasim
1212 1550 1302 1577 cnm
1330 1535 1490 1591 reliqua
1519 1535 1734 1578 comoedia
1759 1537 2020 1590 conjunctam
2049 1549 2145 1578 esse
2173 1536 2456 1591 profiteantur,
2486 1542 2561 1581 sed

161 1629 294 1671 neque
322 1612 462 1668 qualia
495 1613 578 1651 sint
608 1610 903 1658 demonstrent,
932 1624 1066 1665 neque
1096 1626 1150 1651 ex
1189 1613 1387 1651 interiore
1424 1620 1465 1650 et
1499 1610 1742 1651 comoediae
1769 1619 1812 1650 et
1838 1610 2058 1664 parabasis
2085 1620 2232 1651 natura
2259 1611 2332 1652 illa
2355 1610 2561 1655 deducere

160 1698 369 1732 conentur.
426 1685 542 1727 Inter
569 1685 667 1726 illos
686 1695 803 1726 vetus
833 1694 896 1725 est
932 1685 1058 1726 schol.
1091 1686 1143 1726 ad
1162 1685 1374 1739 Aristoph.
1403 1685 1509 1727 plut.
1540 1688 1635 1730 627:
1690 1689 1912 1739 Σημειῶσαι
1938 1687 2126 1737 ἐνταῦθα,
2153 1685 2214 1729 ὅτι
2243 1688 2329 1730 δέον
2353 1688 2470 1743 χορὸν
2496 1691 2563 1734 διὰ

157 1767 277 1820 μέσου
306 1769 449 1812 θεῖναι,
486 1762 617 1816 μέχρις
652 1760 700 1803 ἅν
730 1762 864 1803 ἐκεῖνοι
904 1762 942 1808 ἐς
967 1761 1199 1814 Ἀσκληπιοῦ
1239 1762 1423 1809 ἐλθόντες
1450 1762 1708 1816 ἀναβλέψαιεν
1747 1760 1817 1804 τὸν
1852 1765 2046 1812 Πλοῦτον,
2086 1762 2109 1804 ὁ
2146 1761 2187 1804 δὲ
2218 1767 2452 1820 παραχρῆμα
2478 1765 2561 1809 τὸν.-

160 1842 349 1895 Καρίωνα
375 1837 534 1891 εἰςφέρει
555 1837 840 1891 εὐαγγελίζοντα
867 1843 953 1885 τοῖς
978 1836 1130 1890 γέρουσι
1152 1836 1238 1891 περὶ
1265 1840 1334 1890 τῆς
1359 1840 1430 1879 τοῦ
1452 1837 1636 1880 Πλούτου
1656 1837 1908 1892 ἀναβλέψεως
1934 1838 2086 1891 ἐποίησε
2105 1837 2146 1880 δὲ
2165 1842 2283 1881 τοῦτο
2302 1839 2372 1882 οὐκ
2391 1841 2560 1896 ἀλόγως,

159 1916 262 1963 ἀλλὰ
287 1919 335 1969 τῇ
361 1931 405 1957 τε
431 1917 500 1966 τῆς
529 1913 618 1960 νέας
655 1913 858 1964 κωμῳδίας
893 1913 1092 1966 συνηθείᾳ,
1131 1913 1170 1953 ἐν
1198 1910 1219 1966 ᾖ
1249 1913 1290 1954 αἱ
1318 1912 1556 1967 παραβάσεις
1583 1913 1805 1956 ἐπαύσαντο
1831 1914 1904 1963 (ὡς
1929 1915 2171 1967 προείρηται)
2215 1913 2289 1957 :nai
2325 1913 2408 1968 ἅμα
2444 1919 2561 1968 δεῖξαι

158 1991 402 2046 βουλόμενος,
429 1989 483 2035 ὡς
519 1986 599 2042 ἄρα
624 1988 791 2041 τάχιστα
824 1987 928 2029 πάνυ
957 1987 979 2028 ὁ
1008 1991 1191 2034 Πλοῦτος
1218 1988 1440 2042 ἀνέβλεψεν.
1495 1986 1751 2028 scholiastes
1782 1989 1909 2042 igitur
1945 1988 2025 2028 hoc
2062 1988 2155 2029 loco
2192 1988 2424 2042 parabasim
2453 1993 2560 2034 desi-1

160 2069 293 2114 derat,
321 2075 363 2105 et
391 2064 614 2104 Carionem
643 2061 697 2102 ab
726 2061 1009 2115 Aristophane
1048 2064 1090 2101 in
1118 2062 1300 2102 medium
1330 2062 1550 2103 adductum
1579 2076 1674 2102 esse
1702 2070 2011 2117 narrat‚‡quu*n't
2036 2075 2098 2104 ex
2128 2064 2292 2104 mediae
2318 2068 2559 2110 comoediae

160 2147 275 2183 more
305 2137 522 2193 parabasis
558 2136 651 2178 fieri
688 2151 769 2177 non
799 2135 966 2178 soleret.
1026 2135 1110 2177 Sed
1149 2138 1184 2176 si
1223 2138 1389 2191 quaeris
1417 2145 1538 2191 quam
1568 2135 1622 2177 ob
1646 2150 1816 2178 causam
1852 2135 1930 2178 hoc
1958 2136 2052 2179 loco
2079 2137 2314 2192 parabasim
2342 2145 2560 2196 exspect&

161 2218 281 2263 verit,
306 2212 430 2255 facile
460 2212 592 2261 vides,
621 2211 700 2252 hoc
729 2211 826 2252 ideo
854 2211 1007 2252 factum
1037 2224 1146 2260 esse,
1176 2211 1285 2266 quod
1301 2213 1484 2265 ineptum
1512 2224 1607 2252 esse
1634 2210 1883 2253 schoiiastae
1913 2210 2144 2262 videbatur,
2171 2213 2409 2264 Car-ionem,
2427 2230 2557 2272 quum

161 2290 302 2332 Plutus
329 2290 404 2328 vix
434 2295 476 2328 et
503 2300 556 2328 ne
587 2288 657 2327 vix
687 2286 852 2342 quidem
883 2300 907 2326 e
942 2299 1069 2326 scena
1098 2285 1287 2334 abiisset,
1318 2285 1455 2327 redire
1484 2294 1525 2326 et
1562 2298 1830 2340 recuperasse
1868 2300 1960 2328 eum
1989 2287 2200 2329 oculorum
2229 2300 2347 2330 usum
2377 2299 2558 2342 narrare,

159 2376 200 2405 et
228 2365 336 2420 quod
365 2373 527 2417 tempus
554 2364 607 2403 ad
630 2362 739 2404 Pluti
769 2376 824 2402 ex
855 2360 1096 2415 Aesculapii
1127 2361 1280 2414 tempio
1302 2361 1477 2402 reditum
1493 2360 1686 2415 parabasi
1716 2364 1851 2416 aptius
1875 2362 2038 2417 expleri
2062 2363 2246 2416 putabat.
2300 2365 2558 2409 Schoiiastzte

159 2444 284 2496 igitur
326 2439 429 2481 haec
464 2440 604 2494 opinio
646 2439 777 2480 fuisse
808 2436 993 2486 videtur,
1042 2434 1277 2491 parabasim
1323 2437 1365 2477 in
1395 2436 1608 2478 comoedia
1645 2439 1817 2491 tempori
1861 2436 2070 2492 explendo
2114 2440 2331 2489 inservire,
2382 2449 2556 2497 eainqne

160 2514 429 2556 histrionibus
471 2528 496 2555 e
525 2528 649 2554 scena
686 2513 890 2560 deductis,
941 2526 1065 2565 quum
1105 2521 1254 2564 poetae
1284 2514 1537 2560 interresset,
1589 2521 1632 2553 ut
1674 2514 1873 2565 temporis
1910 2514 2086 2566 spatium
2124 2515 2415 2565 intercederet,
2476 2530 2557 2572 quo

160 2592 382 2632 histriones
419 2591 530 2631 vires
559 2588 807 2643 defatigatae
844 2584 1080 2635 reficerent,
1125 2586 1407 2628 commoediae
1453 2588 1735 2642 interpositam
1775 2600 1883 2629 esse.
1968 2587 2153 2629 Eandem
2189 2588 2279 2631 fere
2307 2593 2561 2635 sententiam

158 2665 522 2720 Kaunegiesserus
550 2663 642 2704 loeo
673 2661 991 2717 supralaudato
1028 2676 1108 2702 non
1149 2661 1283 2702 solum
1320 2662 1371 2702 de
1404 2661 1610 2716 parabasi,
1640 2662 1713 2703 sed
1747 2662 1798 2702 de
1835 2662 2027 2702 omnibus
2055 2662 2169 2704 chori
2208 2666 2355 2706 comici
2384 2670 2554 2709 canticis

160 2740 350 2794 protulit,
394 2752 516 2793 quum
546 2738 724 2778 diceret:
754 2738 907 2778 nullam
948 2739 1117 2777 omnino
1163 2738 1453 2777 necessitatem
1481 2738 1739 2777 intercedere
1768 2741 1875 2777 inter
1903 2737 2016 2777 chori
2045 2741 2203 2779 cantica
2233 2740 2553 2783 et'histrionum

158 2828 388 2863 sermones,
424 2828 500 2868 per
528 2816 642 2854 vices
669 2812 839 2854 chorum
870 2822 910 2853 et
938 2812 1163 2853 histriones
1193 2810 1420 2852 cantilenas
1449 2822 1489 2852 et
1519 2826 1734 2853 sermones
1761 2811 1934 2859 fudisse,
1978 2805 2159 2853 alterum
2176 2812 2297 2854 alteri
2325 2817 2552 2870 recipiendi

206 2986 260 3024 θ’)
286 2986 407 3017 Athen.
432 2987 476 3018 X.
501 2988 577 3017 444.
598 2996 626 3017 e.

207 3052 260 3090 ¹⁸)
286 3051 350 3081 uie
375 3052 469 3082 locus
493 3060 513 3080 a
536 3051 710 3089 Koistero‚
740 3052 792 3080 ubi
818 3052 916 3082 docte
941 3052 981 3080 de
1007 3050 1164 3089 phenici-
1198 3050 1380 3079 cantilenis
1403 3050 1663 3090 loquitur‚·non
1686 3051 1945 3081 animadversus
1961 3055 2027 3083 eut.
