2749 3516
1305 109 1376 162 10

139 259 236 308 sint,
264 258 307 299 iu
335 255 528 311 parabasi
565 270 727 312 quoquo
765 268 850 303 nou
886 254 940 296 ab
969 256 1089 296 initio
1115 254 1214 296 inde
1249 254 1387 297 locum
1417 252 1615 295 habuisse
1654 262 1768 295 certe
1803 256 2040 309 conjectura
2068 253 2260 305 officitur,
2300 263 2344 300 et
2378 255 2538 309 prium

140 330 359 386 parabasis
411 345 556 379 versus
598 329 832 376 trochaicos
876 329 1008 370 fuisse
1062 327 1289 374 verisimile
1339 337 1426 377 est,
1471 327 1583 382 quod
1618 341 1672 368 eo
1712 328 1985 375 verisimilius
2025 331 2151 372 etiam
2196 328 2259 378 fit,
2314 331 2412 385 quin
2456 329 2539 372 1⁴:oe

141 405 296 459 polidei
328 419 472 446 versus
501 419 526 445 a
553 403 773 445 trochaicis
801 404 990 458 orginem
1020 402 1241 444 duxerunt.
1273 401 1343 457 ³⁰)
1398 401 1593 445 Ceterum
1631 401 1683 445 de
1720 411 1853 446 metro
1889 403 1993 447 nihil
2029 402 2165 451 babeo
2195 402 2302 459 quod
2332 417 2539 454 motum.

142 479 345 520 diaeresis
374 487 438 519 est
465 480 507 519 in
538 482 672 534 quarti
701 478 820 534 pedis
848 477 948 527 fine,
975 476 1150 533 spondei
1180 478 1221 516 in
1250 475 1441 517 omnibus
1476 485 1657 532 excepto
1692 478 1868 532 septimo
1896 478 2003 533 pede
2031 478 2166 524 locum
2194 477 2363 527 liabent,
2390 477 2541 533 dactyli

143 556 363 609 praecipue
391 556 523 608 primo
553 561 596 593 et
635 554 757 596 tertio
788 554 845 594 ita
872 561 918 593 ut
945 552 1152 599 secundus
1180 559 1221 591 et
1248 560 1418 606 quartus
1446 551 1620 606 spondei
1658 553 1760 600 Βίοις
1794 566 2091 609 nonnunquam
2123 556 2248 596 etiam
2289 552 2472 605 secundo
2499 561 2541 597 m

145 630 300 684 quinto,
327 630 539 671 rarissime
558 636 714 673 tantum
744 635 884 676 sexto,
912 635 953 667 et
969 635 1116 682 quarto
1143 640 1364 680 nunquam,
1393 628 1491 681 quia
1506 627 1816 680 anapaesticum
1838 636 2012 670 metrum
2041 641 2095 670 eo
2121 628 2416 677 turbatur-‚nisi
2434 628 2541 672 forte

143 713 267 759 poeta
305 718 356 745 eo
393 702 568 744 consilio
607 704 660 744 iis
704 711 856 753 utatur,
923 709 967 742 ut
1004 700 1167 748 turbato
1205 709 1337 742 metro
1373 708 1650 756 spectatorum
1692 702 1854 742 animos
1893 710 2007 752 certo
2041 701 2222 757 quodam
2268 703 2392 750 modo
2434 717 2543 744 come

145 788 322 820 moveat.
353 781 421 829 ⁸⁷)
479 777 872 823 proceleusmaticus
907 780 950 821 iu
987 778 1121 830 prima
1155 776 1258 817 sede
1298 778 1520 825 invenitur,
1564 776 1639 817 sed
1677 775 1786 817 haud
1814 778 1904 817 scio
1938 791 1991 818 au
2031 776 2114 819 loci
2150 777 2212 819 illi
2239 780 2421 833 corrupti
2447 779 2543 826 sint,

144 854 252 910 quod
282 854 334 895 de
364 855 417 895 iis
447 852 517 894 ubi
546 852 766 894 trochaeus
790 867 866 908 pro
894 860 1124 906 anapaesto
1153 850 1305 906 legitur
1333 850 1543 893 affirmare
1573 850 1709 892 nullus
1736 850 1893 893 dubito.

250 927 439 970 Macrum
471 937 722 982 anapaestos
750 927 949 982 seqnitur,
983 927 1106 966 tertia
1142 925 1359 980 parabasis
1382 941 1492 981 pars,
1530 941 1635 982 quae
1673 933 1807 981 πνῖγος
1842 926 1925 967 alio
1955 927 2130 969 ‘nomine
2159 926 2404 983 appellatur.
2462 927 2544 969 He-

146 1003 401 1058 phaestionis
429 1003 571 1053 verba,
599 1016 705 1058 quae
735 1000 860 1056 vulgo
889 1010 1079 1055 corrupta
1105 1001 1310 1054 leguntur,
1338 1003 1399 1041 sic
1426 1002 1712 1042 constituenda
1740 1010 1857 1042 sunt:
1915 1002 1997 1045 Καὶ
2024 1003 2154 1057 τρίτον
2185 1001 2231 1045 τὸ
2258 1002 2406 1057 μακρὸν
2432 1020 2544 1058 προς-

147 1080 435 1134 αγορευόμενὌν,
464 1078 485 1120 ὃ
504 1078 573 1132 μὲν
603 1079 671 1120 οὐκ
702 1078 797 1119 εἶναι
825 1076 1117 1130 ε’πιμηκέστερόν
1145 1093 1281 1129 φαμεν,
1310 1074 1411 1117 ἀλλὰ
1440 1074 1503 1118 διὰ
1530 1074 1576 1118 τὸ
1606 1075 1792 1120 ainornm}
1819 1071 2000 1131 λέγεσθαι
2027 1077 2149 1121 ἐδόκει
2175 1079 2270 1121 εἶναι
2295 1078 2542 1132 μακρότερον.

146 1152 253 1196 Nam
288 1167 394 1208 quae
428 1162 523 1193 sunt
560 1166 583 1192 e
614 1152 785 1206 vulgata
818 1149 998 1191 lectione
1030 1148 1174 1199 verba,
1212 1148 1233 1192 ὃ
1270 1150 1340 1192 καί
1374 1166 1498 1204 φαμεν
1534 1152 1630 1194 εἶναι
1666 1151 1957 1205 ἐπιμηκέστερον
1999 1151 2109 1193 falsa
2139 1142 2233 1193 esse
2262 1166 2314 1193 eo
2362 1162 2544 1208 apparet,

147 1229 256 1285 quod
286 1241 426 1268 macra
460 1226 534 1268 illa
571 1240 677 1282 quae
722 1224 773 1266 ad
812 1238 888 1265 nos
925 1232 1202 1278 pervenerunt
1240 1223 1385 1265 brevia
1421 1226 1589 1266 omnino
1627 1234 1735 1275 sunt,
1777 1226 1822 1266 id
1850 1226 1958 1281 qnod
1996 1225 2146 1268 Pollux
2173 1226 2238 1267 his
2275 1227 2414 1268 verbis
2451 1241 2546 1268 con-

147 1304 304 1345 firmat:
333 1302 379 1346 τὸ
396 1302 436 1346 δὲ
454 1301 736 1356 ὀνομαζόμενον
763 1297 912 1354 μακρὸν
940 1297 1002 1340 ἐπὶ
1031 1302 1078 1352 τῇ
1106 1299 1324 1354 παραβάσει
1350 1298 1472 1355 βραχὺ
1499 1300 1702 1355 μελύδριόν
1733 1301 1850 1351 ἐστιν,
1878 1300 2063 1344 ἀπνευστὶ
2100 1301 2301 1357 ᾀδόμενον.
2357 1301 2547 1343 Macrum

146 1379 271 1433 igitur
306 1385 399 1417 erat
438 1379 644 1417 canticum
680 1375 898 1429 perpaucis
934 1371 1125 1413 versibus
1165 1374 1451 1427 compositum,
1494 1374 1568 1414 sed
1598 1381 1714 1416 tanta
1747 1375 1862 1415 vocis
1898 1375 2128 1415 intentione
2159 1383 2382 1425 cantatum,
2421 1384 2468 1417 ut
2493 1378 2547 1417 iis

148 1454 216 1509 qui
246 1451 451 1503 canebant
477 1451 644 1506 longius
672 1462 767 1490 esse
795 1447 1018 1495 videretur,
1048 1454 1090 1487 et
1111 1446 1218 1488 hanc
1246 1447 1299 1488 ab
1328 1461 1496 1488 causam
1523 1455 1657 1504 πνῖγος
1685 1448 1838 1490 dictum
1866 1457 1942 1491 est.
1973 1449 2041 1502 ⁸⁸)
2099 1448 2233 1490 Macri
2262 1464 2456 1495 urimerus
2485 1459 2548 1491 est

148 1529 451 1583 anapaesticus,
479 1535 573 1566 sunt
603 1526 780 1572 dimetri,
802 1521 1052 1578 penultimus
1081 1536 1227 1563 versus
1255 1522 1512 1578 ἆναπαιστικὴ
1538 1524 1664 1579 βάσις,
1691 1523 1859 1565 ultimus
1886 1523 2164 1573 catalecticus,
2194 1525 2318 1580 vulgo
2347 1529 2479 1580 primo
2506 1534 2549 1566 et

150 1603 333 1645 secundo
370 1601 466 1643 loco
503 1600 744 1655 spondeum,
789 1598 912 1638 tertio
949 1606 1218 1651 anapaestum
1257 1596 1383 1638 habet
1418 1606 1459 1638 et
1499 1612 1525 1638 a
1562 1598 1693 1639 schol.
1726 1600 1929 1648 κατακλείς
1964 1599 2128 1641 dicitnr.
2210 1598 2369 1641 Omnes
2405 1602 2448 1642 in
2483 1614 2548 1655 sy·

150 1687 325 1722 stemate
362 1678 569 1732 conjuncti
609 1677 666 1715 ita
702 1682 744 1714 ut
783 1686 914 1729 neque
943 1671 1146 1726 syllabam
1176 1674 1399 1727 ancipitem
1427 1687 1560 1729 neque
1587 1673 1741 1715 hiatum
1773 1675 1815 1715 in
1846 1688 2037 1716 versuum
2067 1674 2221 1717 finibus
2270 1675 2547 1725 admitterent,

152 1755 370 1795 verborum
408 1753 655 1792 divisionem
693 1758 829 1790 antem
859 1756 1111 1803 paterentur,
1141 1750 1238 1803 quia
1270 1763 1415 1790 omnes
1440 1764 1522 1790 uno
1551 1759 1695 1790 tenore
1725 1751 1980 1804 pronuntiari
2009 1750 2287 1800 solebant³⁹)
2324 1750 2390 1792 De
2421 1754 2548 1793 maeri

151 1829 330 1872 saltandi
367 1841 524 1885 genere
554 1834 715 1881 praeter
744 1839 809 1874 ea,
837 1837 942 1880 quae
972 1825 1057 1878 jam
1087 1834 1210 1865 antea
1239 1823 1350 1866 dicta
1377 1833 1485 1874 sunt,
1514 1824 1616 1866 nihil
1646 1824 1795 1875 habeo,
1823 1825 1933 1881 quod
1961 1825 2124 1868 addam.

200 2012 256 2051 ³⁶)
284 2012 334 2042 De
355 2014 479 2050 metro,
502 2010 588 2048 quod
608 2009 830 2048 Eupolideum
855 2008 1001 2038 dicitur:
1026 1970 1115 2039 -><υ
1143 1970 1233 2040 -Χυ
1261 2024 1288 2029 -
1316 2018 1394 2041 uu
1422 2024 1448 2030 -—
1473 1972 1566 2042 -><υ
1593 1972 1686 2040 -Χυ
1708 2024 1736 2031 -
1763 2017 1797 2041 υ
1823 2025 1853 2032 -
1877 2012 1971 2040 recte
1994 2010 2100 2042 schol.
2124 2011 2202 2041 nul».
2229 2011 2282 2041 ll.
2300 2011 2473 2049 J'udiusse
2487 2021 2547 2052 pu-

264 2077 388 2106 tandus
412 2079 478 2115 est,
505 2077 559 2105 vel
581 2080 674 2104 certe
698 2074 890 2113 cogitasse,
927 2074 1049 2114 (verbs
1072 2072 1162 2101 enim
1187 2074 1288 2110 paulo
1315 2074 1516 2103 obscuriora
1539 2074 1635 2112 sunt)
1668 2074 1896 2113 Eupolideum
1919 2078 2065 2105 metrum
2089 2085 2109 2105 e
2135 2075 2310 2106 trochaico
2331 2079 2546 2116 tetrametro,

265 2140 507 2180 antiquissimo
542 2140 603 2171 illo
636 2139 831 2171 comoediae
876 2142 986 2170 metro
1025 2137 1194 2178 originem
1222 2138 1375 2181 duxisse,
1412 2139 1518 2171 tertio
1542 2143 1576 2171 et
1600 2142 1724 2179 qusrto
1749 2139 1832 2180 pede
1856 2138 1906 2171 its
1927 2139 2074 2182 sll'ectis,
2100 2144 2137 2172 ut
2161 2149 2296 2182 semper
2318 2140 2549 2173 choriambum

261 2207 449 2243 efficerent,
477 2208 511 2235 et
536 2204 707 2234 trochaica
731 2213 851 2236 versus
875 2206 999 2234 nsturs
1019 2202 1053 2232 in
1077 2203 1231 2233 clausula
1256 2207 1387 2235 tantum
1408 2204 1591 2244 con-picus
1612 2205 1671 2244 (ct.
1692 2204 1802 2235 schol.
1825 2205 1866 2235 sd
1890 2206 1981 2244 518.)

203 2270 258 2310 ³⁷)
284 2273 369 2301 Nam
391 2270 583 2301 rectissime
609 2270 836 2301 Terentianus
860 2269 947 2309 apud
971 2266 1182 2298 Prisciauum
1208 2268 1266 2309 (de
1292 2273 1390 2299 metr.
1415 2270 1493 2299 Ter.
1524 2279 1556 2309 p.
1589 2268 1684 2310 2³1.)
1706 2269 1802 2309 dicit,
1828 2270 1915 2308 quod
1940 2269 1996 2309 iis,
2023 2269 2078 2308 qui
2104 2270 2145 2300 dc
2172 2269 2311 2301 comicis
2337 2272 2456 2302 metris
2479 2272 2548 2304 ‹lis-

266 2340 386 2367 serunt
415 2335 540 2366 iterum
579 2335 768 2376 iterumque
801 2335 835 2366 in
869 2333 1065 2365 memoriam
1091 2334 1318 2365 revocandum
1350 2338 1415 2377 est,
1452 2344 1496 2366 ne
1530 2334 1619 2375 quod
1651 2337 1727 2366 arte
1759 2334 1794 2366 in
1830 2333 1949 2379 metris
1972 2338 2146 2377 peceatum
2171 2334 2231 2377 sit,
2266 2334 2403 2367 inscitia
2423 2338 2546 2369 tactum

268 2412 344 2431 esse
369 2405 500 2440 putent:

948 2464 985 2494 ln
1013 2466 1120 2494 metrs
1143 2467 1285 2503 peccant
1317 2466 1392 2495 arte
1416 2472 1483 2495 non
1505 2463 1656 2504 inscitis,

952 2530 1004 2559 Ne
1030 2529 1099 2559 sint
1124 2538 1250 2559 sonora
1276 2530 1378 2559 verbs
1402 2530 1662 2560 consuetudinis

951 2595 1160 2632 Paulumque
1187 2604 1308 2625 versus
1331 2603 1352 2624 s
1375 2593 1499 2625 solutis
1522 2594 1696 2625 differant.

273 2660 384 2700 thjus
407 2659 457 2691 rei
483 2660 641 2698 exempla
665 2668 764 2697 quum
787 2662 948 2690 sexcenta
965 2659 1053 2698 spud
1079 2658 1277 2690 comoediae
1299 2660 1418 2697 poetes
1444 2657 1678 2699 inveniantur,
1704 2666 1808 2689 uuum
1831 2660 1978 2698 tantum,
2004 2659 2091 2697 quod
2115 2659 2156 2688 sb
2179 2659 2253 2699 ipso
2277 2658 2453 2690 Prisclsuo
2477 2659 2548 2690 lau-

271 2727 374 2756 detur
405 2733 449 2755 ex
481 2724 662 2764 Eupolidis
697 2724 805 2762 baptis
841 2725 1031 2755 ‹lesumtuus
1064 2724 1312 2764 strenmsubi
1349 2732 1448 2763 qnam
1484 2725 1526 2756 ob
1555 2732 1692 2755 esussm
1717 2724 1886 2762 ismbicss
1917 2732 2081 2755 uumerus
2114 2724 2148 2754 iu
2184 2733 2342 2756 versuum
2376 2725 2442 2755 tine
2474 2728 2531 2755 tur

267 2795 364 2822 bam.
389 2795 434 2822 ..ι
468 2791 569 2820 ‘acne
593 2793 751 2829 ‘pp-ret·
951 2824 1088 2863 Ἀνόσια
1111 2826 1233 2872 πάσχω
1257 2828 1363 2863 ταῦτα
1386 2830 1441 2862 ml
1462 2826 1511 2875 μοὶ
1534 2826 1593 2866 τὰς
1616 2824 1746 2873 νύμφας

955 2893 1076 2937 Halai»
1097 2897 1154 2939 μὲν
1174 2894 1229 2927 νῦν
1250 2894 1365 2927 δίκαια
1386 2892 1501 2938 vaip&
1521 2891 1581 2931 τὰς
1602 2889 1764 2938 κράμβας.

213 2985 267 3025 ³⁸)
292 2984 466 3024 Aristoph.
487 2984 604 3015 schol..
621 2985 700 3014 nub.
724 2983 799 3018 518,
825 2990 879 3013 sv.
907 2983 982 3020 ⁷2³,
1005 2982 1076 3014 vits
1099 2982 1271 3024 Aristoph.
1296 2984 1319 3015 l.
1344 2985 1366 3015 l.

212 3050 266 3089 ³⁹)
290 3051 450 3088 Equitum
477 3059 625 3078 macrum
651 3050 698 3077 ita
723 3048 997 3078 constituendum
1022 3052 1094 3078 est:
